

% \bibitem{Nir} %1
% S.\ Y. Nir arXiv:hep-ph/0208080 (2002);
% \newline
% S.\ Y. Nir Talk at the 2008 European School of High-Energy Physics, 
% Herbeumont-sur-Semois, Belgium, 8-21 June 2008, \newline
% http://physicschool.web.cern.ch/PhysicSchool/2008/Nir.pdf 

 






%%%%%%%%%%%%%%%%%%%%%%%%%%%%%%%%%%%%%%%%%%%%%%%%%
%
%
%  CHAPTER          CERN and LHC
%
%
%%%%%%%%%%%%%%%%%%%%%%%%%%%%%%%%%%%%%%%%%%%%%%%%%



@Article{WeakNeutralCurrent,
     author    = "Hasert, F. J. and others",
 collaboration = "Gargamelle collaboration",
     title     = "Observation of Neutrino-like Interactions without Muon or
                  Electron in the Gargamelle Neutrino Experiment",
     journal   = "Phys. Lett.",
     volume    = "B46",
     year      = "1973",
     pages     = "138--140",
     doi       = "10.1016/0370-2693(73)90499-1",
     SLACcitation  = "%%CITATION = PHLTA,B46,138;%%"
}

@Article{Stochastic_Cooling,
     author    = "Mohl, Dieter and Petrucci, G. and Thorndahl, L. and van der
                  Meer, Simon",
     title     = "Physics and Technique of Stochastic Cooling",
     journal   = "Phys. Rept.",
     volume    = "58",
     year      = "1980",
     pages     = "73-119",
     doi       = "10.1016/0370-1573(80)90140-4",
     SLACcitation  = "%%CITATION = PRPLC,58,73;%%"
}

@Article{W_UA1,
     author    = "Arnison, G. and others",
 collaboration = "UA1 collaboration",
     title     = "Experimental Observation of Isolated Large Transverse
                  Energy Electrons  with Associated Missing Energy at
                  $\sqrt{s} = 540\gev$",
     journal   = "Phys. Lett.",
     volume    = "B122",
     year      = "1983",
     pages     = "103-116",
     doi       = "10.1016/0370-2693(83)91177-2",
     SLACcitation  = "%%CITATION = PHLTA,B122,103;%%"
}

@Article{W_UA2,
     author    = "Banner, M. and others",
 collaboration = "UA2 collaboration",
     title     = "Observation of Single Isolated Electrons of High
                  Transverse Momentum in  Events with Missing Transverse
                  Energy at the CERN \ppbar Collider",
     journal   = "Phys. Lett.",
     volume    = "B122",
     year      = "1983",
     pages     = "476-485",
     doi       = "10.1016/0370-2693(83)91605-2",
     SLACcitation  = "%%CITATION = PHLTA,B122,476;%%"
}

@Article{Z_UA1,
     author    = "Albajar, C. and others",
 collaboration = "UA1 collaboration",
     title     = "Studies of Intermediate Vector Boson Production and Decay
                  in {UA1} at the {CERN} Proton-Antiproton Collider",
     journal   = "Z. Phys.",
     volume    = "C44",
     year      = "1989",
     pages     = "15-61",
     doi       = "10.1007/BF01548582",
     SLACcitation  = "%%CITATION = ZEPYA,C44,15;%%"
}

@Article{Z_UA2,
     author    = "Bagnaia, P. and others",
 collaboration = "UA2 collaboration",
     title     = "Evidence for $Z^0 \to e^+ e^-$ at the CERN \ppbar Collider",
     journal   = "Phys. Lett.",
     volume    = "B129",
     year      = "1983",
     pages     = "130-140",
     doi       = "10.1016/0370-2693(83)90744-X",
     SLACcitation  = "%%CITATION = PHLTA,B129,130;%%"
}

@techreport{LEP-vol1,
     collaboration = "Lep Injector Study Group",
     title     = "LEP Design Report Vol. 1. The LEP Injector Chain",
     number    = "LEP-83-29",
     year      = {1983},
     institution = "CERN",
}

@techreport{LEP-vol2,
     collaboration = "Lep Injector Study Group",
     title     = "LEP Design Report Vol. 2. The LEP Main Ring",
     number    = "LEP-84-01",
     year      = {1984},
     institution = "CERN",
}

@article{LEP-3generation,
      author       = "D\'{e}camp, D and others",
      title        = "Determination of the Number of Light Neutrino Species",
      journal      = "Phys. Lett.",
      number       = "CERN-EP-89-132",
      volume       = "B231",
      pages        = "519--529",
      month        = "Oct",
      year         = "1989",
      doi          = "10.1016/0370-2693(89)90704-1",
}


@unpublished{Team:40524,
      author       = "AC Team",
      title        = "Diagram of an LHC Dipole Magnet",
      month        = "Jun",
      year         = "1999",
}
@unpublished{Christiane:979035,
      author       = "Christiane Lefevre",
      title        = "The CERN Accelerator Complex. Complexe des Accélérateurs du CERN",
      month        = "Jun",
      year         = "2006",
}


@Article{JINST_lhc,
     author    = "{L. Evans and P. Bryant (Eds)}",
     title     = "LHC Machine",
     journal   = "JINST",
     volume    = "3",
     year      = "2008",
     pages     = "S08001",
     doi       = "10.1088/1748-0221/3/08/S08001",
     SLACcitation  = "%%CITATION = JINST,3,S08001;%%"
}

@Book{ACC-Wille,
     author    = {K Wille},
     title     = {The Physics of Particle Accelerators: An Introduction},
     year      = {2000},
     publisher = {Oxford University Press},
}

@Book{ACC-Wilson,
     author    = {E Wilson},
     title     = {An Introduction to Particle Accelerators},
     year      = {2001},
     publisher = {Oxford University Press},
}

@techreport{TEVA-77,
     title     = "Fermilab TeV Program, Superconducting Magnet Ring: Energy
                  Doubler, Energy Saver, Colliding Beams",
     number    = "MISC-1977-01",
     year      =        {1977},
     institution = "FermiLab",
}

@techreport{TEVA-RunII,
     author    = "Del Signore, Ken",
     collaboration = "CDF and D0 collaborations",
     title     = "The Future Collider Physics Program at FermiLab: Run II
                  and TeV 33",
     year =        {1998},
     number    = "CONF-98-221-E",
     institution = "FermiLab",
}
note      = "To be published in the proceedings of 33rd Rencontres de
                  Moriond: QCD and High Energy Hadronic Interactions, Les
                  Arcs, France, 21-28 Mar 1998",


@Misc{CERN_website,
  note =  "CERN History Highlights, available at:\href{http://public.web.cern.ch/public/en/About/History-en.html}{ \protect{\nolinkurl{http://public.web.cern.ch/public/en/About/History-en.html}}}",
}






@Book{brunel-web,
  author = 	 {{BRUNEL Project web site.}},
  title = 	 {{\newline \url{http://lhcb-release-area.web.cern.ch/LHCb-release-area/DOC/brunel/}}},
}
@Book{geant4-web,
  author = 	 {{GEANT4 web site.}},
  title = 	 {{\newline \url{http://geant4.web.cern.ch/geant4/}}},
}
@Book{evtgen-web,
  author = 	 {{EvtGen web site.}},
  title = 	 {{\newline \url{http://www.slac.stanford.edu/~lange/EvtGen/}}},
}

@Book{pythia-web,
  author = 	 {{Pythia web site.}},
  title = 	 {{\newline \url{http://www.thep.lu.se/~torbjorn/Pythia.html}}},
}
@Book{lcg-web,
  author = 	 {{LCG web site.}},
  title = 	 {{\newline \url{http://lcg.web.cern.ch/LCG/}}},
}
@Book{pvss-web,
  author = 	 {{PVSS web site.}},
  title = 	 {{\newline \url{http://www.pvss.com/}}},
}




@techreport{incident_2008,
      author       = "Bajko, M and Bertinelli, F and Catalan-Lasheras, N and
                      Claudet, S and Cruikshank, P and Dahlerup-Petersen, K and
                      Denz, R and Fessia, P and Garion, C and Jimenez, JM and
                      Kirby, G and Lebrun, Ph and Le Naour, S and Mess, K-H and
                      Modena, M and Montabonnet, V and Nunes, R and Parma, V and
                      Perin, A and de Rijk, G and Rijllart, A and Rossi, L and
                      Schmidt, R and Siemko, A and Strubin, P and Tavian, L and
                      Thiesen, H and Tock, J and Todesco, E and Veness, R and
                      Verweij, A and Walckiers, L and van Weelderen, R and Wolf, R
                     and Fehér, S and Flora, R and Koratzinos, M and Limon, P
                      and Strait, J",
      title        = "Report of the Task Force on the Incident of 19th September
                      2008 at the LHC",
      institution  = "CERN",
      address      = "Geneva",
      number       = "LHC-PROJECT-Report-1168",
      month        = "Mar",
      year         = "2009"
}

@Misc{pic_cern_chain,
  author = {Jean-Luc Caron}, 
  title  = {\textit{Accelerators Chain of CERN: Operating and Approved Projects}},
  note   = {available at: \href{http://cdsweb.cern.ch/record/43487?ln=en}{ \protect{\nolinkurl{http://cdsweb.cern.ch/record/43487}}} }
}

@Article{JINST_cms,
     author    = "Adolphi, R. and others",
 collaboration = "CMS collaboration",
     title     = "The CMS Experiment at the LHC",
     journal   = "JINST",
     volume    = "3",
     year      = "2008",
     pages     = "S08004",
     doi       = "10.1088/1748-0221/3/08/S08004",
     SLACcitation  = "%%CITATION = JINST,0803,S08004;%%"
}

@Misc{pic_cms, 
  author = "{The CMS collaboration}",
  title  = {\textit{Layout of the CMS detector}},
  note   = {available at: \href{http://cdsweb.cern.ch/record/39040}{ \protect{\nolinkurl{http://cdsweb.cern.ch/record/39040}}}},
}

@Article{JINST_atlas,
     author    = "Aad, G. and others",
 collaboration = "ATLAS collaboration",
     title     = "The ATLAS Experiment at the LHC",
     journal   = "JINST",
     volume    = "3",
     year      = "2008",
     pages     = "S08003",
     doi       = "10.1088/1748-0221/3/08/S08003",
     SLACcitation  = "%%CITATION = JINST,3,S08003;%%"
}

@Misc{pic_atlas,
  author = {Joao Pequenao}, 
collaboration = "ATLAS collaboration",
  title  = {\textit{Computer Generated Image of the ATLAS Detector}},
  note   = {available at: \href{http://cdsweb.cern.ch/record/1095924?ln=en}{ \protect{\nolinkurl{http://cdsweb.cern.ch/record/1095924}}}},
}

@Article{JINST_totem,
     author    = "Anelli, G. and others",
 collaboration = "TOTEM collaboration",
     title     = "The TOTEM Experiment at the LHC",
     journal   = "JINST",
     volume    = "3",
     year      = "2008",
     pages     = "S08007",
     doi       = "10.1088/1748-0221/3/08/S08007",
     SLACcitation  = "%%CITATION = JINST,3,S08007;%%"
}

@Misc{pic_alice, 
author = "{The ALICE collaboration}",
  title  = {\textit{Layout of the ALICE detector}},
  note   = {available at: \href{http://cdsweb.cern.ch/record/627595}{ \protect{\nolinkurl{http://cdsweb.cern.ch/record/627595}}}},
}

@Article{JINST_alice,
     author    = "Aamodt, K. and others",
 collaboration = "ALICE collaboration",
     title     = "The ALICE Experiment at the LHC",
     journal   = "JINST",
     volume    = "3",
     year      = "2008",
     pages     = "S08002",
     doi       = "10.1088/1748-0221/3/08/S08002",
     SLACcitation  = "%%CITATION = JINST,0803,S08002;%%"
}

@Article{JINST_lhcf,
     author    ="Adriani, O. and others",
 collaboration ="LHCf collaboration",
     title     ="The LHCf Detector at the LHC",
     journal   = "JINST",
     volume    = "3",
     year      = "2008",
     pages     = "S08006",
     doi       = "10.1088/1748-0221/3/08/S08006",
}


%%%%%%%%%%%%%%%%%%%%%%%%%%%%%%%%%%%%%%%%%%%%%%%%%
%
%
%  CHAPTER          LHCb
%
%
%%%%%%%%%%%%%%%%%%%%%%%%%%%%%%%%%%%%%%%%%%%%%%%%%




@Article{JINST_lhcb,
     author    = "A Alves  and others",
 collaboration = "LHCb collaboration",
     title     = "The LHCb Detector at the LHC",
     journal   = "JINST",
     volume    = "3",
     year      = "2008",
     pages     = "S08005",
     doi       = "10.1088/1748-0221/3/08/S08005",
     SLACcitation  = "%%CITATION = JINST,3,S08005;%%"
}

@techreport{TP-lhcb,
  author = 	 {S Amato  and others},
  collaboration = "LHCb collaboration",
  title = 	 {LHCb Technical Proposal},
  institution    = "CERN",
  year =         "1998",
  number = "LHCC-98-4",
}

@InCollection{LHCb,
  title = 	 {LHCb Technical Proposal, LHCb Re-optimixation TDR, see also LHCb web site}, 
  address = 	 {\url{http://lhcb.cern.ch/}}
}

% TDRs

@techreport{TDR-magnet,
      author       = {Amato, S and Carvalho, D and Colrain, P and Da Silva, T and  De Mello, J R T and De Paula, L },
      title        = "LHCb Magnet: Technical Design Report",
      collaboration = "LHCb collaboration",
      series       = "LHCb Technical Design Report",
      institution    = "CERN",
      number = "LHCC-2000-007",
      year         = "2000",
}

@techreport{TDR-calo,
      author       = {Amato, S and Carvalho, D and Colrain, P and Da Silva, T and
                      De Mello, J R T and De Paula, L and Gandelman, M },
      collaboration = "LHCb collaboration",
      title        = "LHCb Calorimeters: Technical Design Report",
      series       = "LHCb Technical Design Report",
      institution    = "CERN",
      number = "LHCC-2000-036",
      year         = "2000",
}

@techreport{TDR-rich,
      author       = {Amato, S and Carvalho, D and Colrain, P and Da Silva, T and
                      De Mello, J R T and De Paula, L and Gandelman, M },
      title        = "LHCb RICH: Technical Design Report",
      collaboration = "LHCb collaboration",
      series       = "LHCb Technical Design Report",
      institution    = "CERN",
      number = "LHCC-2000-037",
      year         = "2000",
}

@techreport{TDR-muon,
      author       = {Barbosa-Marinho, P R and Bediaga, I and Cernicchiaro, G and Fran\c{c}a-Barbosa, A and Magnin, J and Marques de Miranda, J and Massafferri, A and Reis, A and Silva, R and Amato, S and Colrain, P and Da Silva, T and De Mello-Neto, J R T and De Paula, L S and Gandelman, M },
      title        = "LHCb Muon System: Technical Design Report",
      collaboration = "LHCb collaboration",
      series       = "LHCb Technical Design Report",
      institution    = "CERN",
      number = "LHCC-2001-010",
      year         = "2001",
}

@techreport{TDR-muon-1add,
      author       = {Barbosa-Marinho, P R and Bediaga, I and Cernicchiaro, G and Fran\c{c}a-Barbosa, A and Magnin, J and Marques de Miranda, J and Massafferri, A and Reis, A and Silva, R and Amato, S and Colrain, P and Da Silva, T and De Mello-Neto, J R T and De Paula, L S and Gandelman, M },
      title        = "LHCb Muon System: addendum to the Technical Design Report",
      institution    = "CERN",
      address      = "Geneva",
      series       = "LHCb Technical Design Report",
      collaboration = "LHCb collaboration",
      year         = "2003",
      number = "LHCC-2003-002",
}

@techreport{TDR-muon-2add,
      author       = {Barbosa-Marinho, P R and Bediaga, I and Cernicchiaro, G and Fran\c{c}a-Barbosa, A and Magnin, J and Marques de Miranda, J and Massafferri, A and Reis, A and Silva, R and Amato, S and Colrain, P and Da Silva, T and De Mello-Neto, J R T and De Paula, L S and Gandelman, M },
      title        = "LHCb Muon System: second addendum to the Technical Design Report",
      institution    = "CERN",
      address      = "Geneva",
      series       = "LHCb Technical Design Report",
      collaboration = "LHCb collaboration",
      year         = "2005",
      number = "LHCC-2005-012",
}
      note         = "Submitted on 9 Apr 2005",

@techreport{TDR-velo,
      author       = {Barbosa-Marinho, P R and Bediaga, I and Fran\c{c}a-Barbosa, A
                      and Magnin, J and Marques de Miranda, J and Massafferri, A
                      and Reis, A and Silva, R and Amato, S and Colrain, P and Da
                      Silva, T and De Mello-Neto, J R T and De Paula, L S and
                      Gandelman, M },
      title        = "LHCb VELO (VErtex LOcator): Technical Design Report",
      series       = "LHCb Technical Design Report",
      collaboration = "LHCb collaboration",
      institution    = "CERN",
      year =         "2001",
      number = "LHCC-2001-11",
}

@techreport{TDR-ot,
      author       = {Barbosa-Marinho, P R and Bediaga, I and
                      Barbosa-Ademarlaudo, F and Magnin, J and Marques de Miranda,
                      J and Massafferri, A and Reis, A and Silva, R and Amato, S
                      and Colrain, P and Da Silva, T and De Mello-Neto, J R T and
                      De Paula, L S and Gandelman, M },
      title        = "LHCb Outer Tracker: Technical Design Report",
      series       = "LHCb Technical Design Report",
      collaboration = "LHCb collaboration",
      institution    = "CERN",
      year =         "2001",
      number = "LHCC-2001-024",
}

@techreport{TDR-online,
      author       = {Barbosa-Marinho, P R and Bediaga, I and
                      Barbosa-Ademarlaudo, F and Cernicchiaro, G and Correa de
                      Oliveira, E and Magnin, J and Marques de Miranda, J },
      title        = "LHCb Online System, Data Acquisition and Experiment Control: Technical Design Report",
      collaboration = "LHCb collaboration",
      series       = "LHCb Technical Design Report",
      institution    = "CERN",
      year =         "2001",
      number = "LHCC-2001-040",
}

@techreport{TDR-online-1add,
      author       =  {Nakada, Tatsuya and Aslanides, Elie and Smith, Alasdair and Witzeling, Werner},
      title        = "Addendum to the LHCb Online System Technical Design Report",
      institution  = "CERN",
      address      = "Geneva",
      month        = "Nov",
      year         = "2005",
      number = "LHCC-2005-039",
}
note         = "revised version submitted on 2005-11-04 15:04:16",      

@techreport{TDR-it,
      author       = {Barbosa-Marinho, P R and Bediaga, I and
                      Barbosa-Ademarlaudo, F and Cernicchiaro, G and Correa de
                      Oliveira, E and Magnin, J and Marques de Miranda, J },
      title        = "LHCb Inner Tracker: Technical Design Report",
      series       = "LHCb Technical Design Report",
      institution    = "CERN",
      collaboration = "LHCb collaboration",
      year =         "2002",
      number = "LHCC-2002-29",
}

@techreport{TDR-reopt,
      author       = {Antunes-Nobrega, R and Fran\c{c}a-Barbosa, A and Bediaga, I
                      and Cernicchiaro, G and Correade-Oliveira, E and Magnin, J
                      and Marques de Miranda, J and Massafferri, A },
      title        = "LHCb Reoptimized Detector Design and Performance: Technical
                      Design Report",
      series       = "LHCb Technical Design Report",
      collaboration = "LHCb collaboration",
      institution    = "CERN",
      year =         "2003",
      number = "LHCC-2003-030",
}

@techreport{TDR-trigger,
      author       = {Antunes-Nobrega, R and Fran\c{c}a-Barbosa, A and Bediaga, I
                      and Cernicchiaro, G and Correade-Oliveira, E and Magnin, J
                      and Marques de Miranda, J and Massafferri, A },
      title        = "LHCb Trigger System: Technical Design Report",
      series       = "LHCb Technical Design Report",
      collaboration = "LHCb collaboration",
      institution    = "CERN",
      year =         "2003",
      number = "LHCC-2003-31",
}

@techreport{TDR-computing,
      author       = {Antunes-Nobrega, R and Fran\c{c}a-Barbosa, A and Bediaga, I
                      and Cernicchiaro, G and Correade-Oliveira, E and Magnin, J
                      and Manhaes de Andrade-Filho, L },
      title        = "LHCb Computing: Technical Design Report",
      collaboration = "LHCb collaboration",
      institution    = "CERN",
      address      = "Geneva",
      series       = "LHCb Technical Design Report",
      year         = "2005",
      number = "LHCC-2005-019",
}


%%tracking
@techreport{Callot_velo_tracking,
      author       = "Callot, O",
      title        = "Improved Robustness of the Velo Tracking",
      institution  = "CERN",
      address      = "Geneva",
      number       = "LHCb-2003-017",
      month        = "Feb",
      year         = "2003",
}

@techreport{pile-up-1,
      author       = "Hoogland, W and Wiggers, L and Zaitsev, N",
      title        = "The Use of Silicon Detectors for Fast Primary Vertex
                      Reconstruction and Pile-Up Rejection",
      institution  = "CERN",
      address      = "Geneva",
      number       = "LHCb-97-016",
      month        = "Jan",
      year         = "1998",
}

@techreport{L0DU,
      author       = "Cornat, R and Lecoq, J and Perret, P",
      title        = "Level-0 Decision Unit for LHCb",
      institution  = "CERN",
      address      = "Geneva",
      number       = "LHCb-2003-065",
      month        = "Sep",
      year         = 2003,
}

@techreport{velo_ted,
      author       = "Borghi, S and Gersabeck, M and Parkes, C and Szumlak, T",
      title        = "First Alignment of the LHCb VELO and Analysis of Beam
                      Absorber Collision Data",
      institution  = "CERN",
      address      = "Geneva",
      number       = "LHCb-2009-029",
      month        = "Jun",
      year         = "2009",
}

@Article{Cerenkov,
     author    = "Cerenkov, P. A.",
     title     = "Visible Luminescence of Pure Fluids Induced by $\gamma$ Rays",
     journal   = "Dokl. Akad. Nauk Ser. Fiz.",
     volume    = "2",
     year      = "1934",
     pages     = "451-454",
     SLACcitation  = "%%CITATION = DANKA,2,451;%%"
}
@Article{DELPHI,
     author    = "Aarnio, P. A.  and others",
 collaboration = "DELPHI collaboration",
     title     = "The DELPHI Detector at LEP",
     journal   = "Nucl. Instrum. Meth.",
     volume    = "A303",
     year      = "1991",
     pages     = "233-276",
     doi       = "10.1016/0168-9002(91)90793-P",
     SLACcitation  = "%%CITATION = NUIMA,A303,233;%%"
}

@Article{RICH_mirror,
     author    = "Metlica, F. C. D. and others",
 collaboration = "LHCb collaboration",
     title     = "Development of Light-Weight Spherical Mirrors for RICH Detectors",
     journal   = "Nucl. Instrum. Meth.",
     volume    = "A595",
     year      = "2008",
     pages     = "197-199",
     doi       = "10.1016/j.nima.2008.07.026",
     SLACcitation  = "%%CITATION = NUIMA,A595,197;%%"
}

@article{HPD,
      author       = "Alemi, M and Campbell, M and Gys, Thierry and Mikulec, B
                      and Piedigrossi, D and Puertolas, D and Rosso, E and
                      Schomaker, R and Snoeys, W and Wyllie, Ken H",
      title        = "First Operation of a Hybrid Photon Detector Prototype with
                      Electrostatic Cross-Focussing and Integrated Silicon Pixel
                      Readout",
      journal   = "Nucl. Instrum. Meth.",
      volume    = "A449",
      year      = "2000",
      number    = "EP-99-110. 1-2",
      pages     = "48--59",
      institution = "CERN",
      doi       = "10.1016/S0168-9002(99)01448-5",
}

@techreport{ECAL,
      author       = "Barsuk, S and Golutvin, A and Kochetkov, V and Korolko, I
                      and Malyshev, S and Mayatski, V and Rusinov, V Yu and
                      Soldatov, A and Tarkovski, E",
      title        = "Design and Construction of Electromagnetic Calorimeter for
                      LHCb Experiment",
      institution  = "CERN",
      address      = "Geneva",
      number       = "LHCb-2000-043",
      month        = "Oct",
      year         = "2000",
}

@techreport{RICH_OS,
      author       = "Forty, R W and Schneider, O",
      title        = "RICH Pattern Recognition",
      institution  = "CERN",
      address      = "Geneva",
      number       = "LHCb-98-040",
      month        = "Apr",
      year         = "1998",
}

@Article{Albrecht,
     author    = "Albrecht, J.",
 collaboration = "LHCb collaboration",
     title     = "The LHCb Trigger System",
     journal   = "Nucl. Phys. Proc. Suppl.",
     volume    = "187",
     year      = "2009",
     pages     = "237--244",
     doi       = "10.1016/j.nuclphysbps.2009.01.033",
     SLACcitation  = "%%CITATION = NUPHZ,187,237;%%"
}

@Article{Gaudi01,
     author    = "Barrand, G. and others",
     title     = "{\sc Gaudi} - A Software Architecture and Framework for Building\\
                  HEP Data Processing Applications",
     journal   = "Comput. Phys. Commun.",
     volume    = "140",
     year      = "2001",
     pages     = "45--55",
     note      = "see also: \href{http://proj-gaudi.web.cern.ch/proj-gaudi/}{ \protect{\nolinkurl{http://proj-gaudi.web.cern.ch/proj-gaudi/}}}",
     SLACcitation  = "%%CITATION = CPHCB,140,45;%%"
}

@Article{Gauss03,
     author    = "Belyaev, I. and others",
     title     = "Simulation Application for the LHCb Experiment",
     year      = "2003",
     eprint    = "physics/0306035",
     archivePrefix = "arXiv",
     note      = "see also: \newline\href{http://lhcb-release-area.web.cern.ch/LHCb-release-area/DOC/gauss/}{ \protect{\nolinkurl{http://lhcb-release-area.web.cern.ch/LHCb-release-area/DOC/gauss/}}}",
     SLACcitation  = "%%CITATION = PHYSICS/0306035;%%"
}

@Article{Pythia00,
     author    = "Sjostrand, Torbjorn and others",
     title     = "High-Energy Physics Event Generation with {\sc Pythia 6.1}",
     journal   = "Comput. Phys. Commun.",
     volume    = "135",
     year      = "2001",
     pages     = "238--259",
     eprint    = "hep-ph/0010017",
     archivePrefix = "arXiv",
     doi       = "10.1016/S0010-4655(00)00236-8",
     note      = "see also: \newline\href{http://projects.hepforge.org/pythia6/}{ \protect{\nolinkurl{http://projects.hepforge.org/pythia6/}}}",
     SLACcitation  = "%%CITATION = HEP-PH/0010017;%%"
}

@Article{EvtGen01,
     author    = "Lange, D. J.",
     title     = "The {\sc EvtGen} Particle Decay Simulation Package",
     journal   = "Nucl. Instrum. Meth.",
     volume    = "A462",
     year      = "2001",
     pages     = "152--155",
     doi       = "10.1016/S0168-9002(01)00089-4",
     note      = "see also:  \newline \href{http://www.slac.stanford.edu/~lange/EvtGen/}{ \protect{\nolinkurl{http://www.slac.stanford.edu/~lange/EvtGen/}}}",
     SLACcitation  = "%%CITATION = NUIMA,A462,152;%%"
}

@Article{Geant02,
     author    = "Agostinelli, S. and others",
 collaboration = "{\sc Geant4} collaboration",
     title     = "{\sc Geant4}: A Simulation Toolkit",
     journal   = "Nucl. Instrum. Meth.",
     volume    = "A506",
     year      = "2003",
     pages     = "250--303",
     doi       = "10.1016/S0168-9002(03)01368-8",
     note      = "see also:\newline \href{http://geant4.web.cern.ch/geant4/}{ \protect{\nolinkurl{http://geant4.web.cern.ch/geant4/}}}",
     SLACcitation  = "%%CITATION = NUIMA,A506,250;%%"
}

@Misc{Boole,
  author = 	 {{LHCb collaboration}},
  title = 	 {The {{\sc Boole}} Project},
  note = 	 {\newline\href{http://lhcb-release-area.web.cern.ch/LHCb-release-area/DOC/boole/}{ \protect{\nolinkurl{http://lhcb-release-area.web.cern.ch/LHCb-release-area/DOC/boole/}}}},
}

@Misc{Brunel,
  author = 	 {{LHCb collaboration}},
  title = 	 {The {{\sc Brunel}} Project},
  note = 	 {\newline\href{http://lhcb-release-area.web.cern.ch/LHCb-release-area/DOC/brunel/}{ \protect{\nolinkurl{http://lhcb-release-area.web.cern.ch/LHCb-release-area/DOC/brunel/}}}},
}

@Misc{DaVinci,
  author = 	 {{LHCb collaboration}},
  title = 	 {The {{\sc DaVinci}} Project},
  note = 	 {\newline\href{http://lhcb-release-area.web.cern.ch/LHCb-release-area/DOC/davinci/}{ \protect{\nolinkurl{http://lhcb-release-area.web.cern.ch/LHCb-release-area/DOC/davinci/}}}},
}

@techreport{Bender,
      author       = "Belyaev, I and Frank, M and Mato, P and Barrand, G and
                      Tsaregorodtsev, A Yu and De Oliveira, E",
      title        = "Python-based Physics Analysis Environment for LHCb",
      institution  = "CERN",
      address      = "Geneva",
      number       = "LHCb-2004-089",
      month        = "Oct",
      year         = "2004",
     note      = "see also: \href{http://lhcb-comp.web.cern.ch/lhcb-comp/Analysis/Bender/index.html}{ \protect{\nolinkurl{http://lhcb-comp.web.cern.ch/lhcb-comp/Analysis/Bender/index.html}}}",
}

@Misc{Python,
  author = 	 {Guido van Rossum},
  title  =       {The {{\sc Python}} programming language},
  note = 	 {\newline\href{http://www.python.org/}{ \protect{\nolinkurl{http://www.python.org/}}}},
}


@Misc{Panoramix,
  author = 	 {{LHCb collaboration}},
  title = 	 {The {{\sc Panoramix}} Project},
  note = 	 {\href{http://lhcb-release-area.web.cern.ch/LHCb-release-area/DOC/panoramix/}{ \protect{\nolinkurl{http://lhcb-release-area.web.cern.ch/LHCb-release-area/DOC/panoramix/}}}},
}








%%%%%%%%%%%%%%%%%%%%%%%%%%%%%%%%%%%%%%%%%%%%%%%%%
%
%
%  CHAPTER          SM
%
%
%%%%%%%%%%%%%%%%%%%%%%%%%%%%%%%%%%%%%%%%%%%%%%%%%




@misc{Pauli_nu,
      author       = "Pauli, Wolfgang",
      title        = "{\it Letter to Lise Meitner, Gruppe der Radioaktiven bei der Gauvereins-Tatung, Tuebingen}",
      institution  = "CERN",
      note         = "\href{http://documents.cern.ch//archive/electronic/other/pauli_vol3//meitner_0393.pdf}{PDF on CERN Document Server}",
      year         = "1930",
}

@Article{Cowan56,
     author    = "Cowan, C. L. and Reines, F. and Harrison, F. B. and Kruse,
                  H. W. and McGuire, A. D.",
     title     = "Detection of the Tree Neutrino: A Confirmation",
     journal   = "Science",
     volume    = "124",
     year      = "1956",
     pages     = "103--104",
     doi       = "10.1126/science.124.3212.103",
     SLACcitation  = "%%CITATION = SCIEA,124,103;%%"
}

@Article{glashow-electroweak,
  author =       {Sheldon  L Glashow},
  journal = 	 {Nucl. Phys.},
  year = 	 {1961},
  volume = 	 {22},
  pages = 	 {579--588},
  title =        {Partial-Symmetries of Weak Interactions},
}

@Book{salam-electroweak______,
  author    = {Abdus Salam},
  title     = {Weak and Electromagnetic Interactions},
  year      = {1968},
  publisher = {Elementary Particle Theory},
}

@Article{salam-electroweak,
     author    = "Salam, Abdus",
     title     = {Weak and Electromagnetic Interactions},
     page      = {367--377},
     note      = "Proceedings Of The Nobel Symposium Held At Lerum, Sweden, 1968"
}

@Article{weinberg-electroweak,
  author    = {Steven Weinberg},
  title     = {A Model of Leptons},
  journal = 	 {Phys. Rev. Lett.},
  year = 	 {1967},
  pages = 	 {1264--1266},
  volume = {19},
}

@Article{Higgs-1,
  title = {Broken Symmetries and the Masses of Gauge Bosons},
  author = {Peter W. Higgs},
  journal = {Phys. Rev. Lett.},
  volume = {13},
  number = {16},
  pages = {508--509},
  numpages = {1},
  year = {1964},
  month = {Oct},
  doi = {10.1103/PhysRevLett.13.508},
  publisher = {American Physical Society}
}

@Article{Higgs-2,
  title = {Broken Symmetry and the Mass of Gauge Vector Mesons},
  author = {F Englert and R Brout},
  journal = {Phys. Rev. Lett.},
  volume = {13},
  number = {9},
  pages = {321--323},
  numpages = {2},
  year = {1964},
  month = {Aug},
  doi = {10.1103/PhysRevLett.13.321},
  publisher = {American Physical Society}
}

@Article{Higgs-3,
  title = {Global Conservation Laws and Massless Particles},
  author = {G.S. Guralnik and C.R. Hagen and T.W.B. Kibble},
  journal = {Phys. Rev. Lett.},
  volume = {13},
  number = {20},
  pages = {585--587},
  numpages = {2},
  year = {1964},
  month = {Nov},
  doi = {10.1103/PhysRevLett.13.585},
  publisher = {American Physical Society}
}

@book{SM-intro-3,
      author       = "E Leader and E Predazzi",
      title        = "An Introduction to Gauge Theories and Modern Particle Physics",
      
      publisher    = "Cambridge University Press", 
      year         = "1996",
}
If I put the field volume (volume       = "1",) for this book, there is no comman between the author and the title of the book.

@book{Okun,
      author       = "Lev  B  Okun",
      title        = "Leptons and Quarks",
      publisher    = "North-Holland",
      address      = "Amsterdam",
      year         = "1982",
      note         = "Trans. from Russian",
}

@book{SM-intro,
      author       ={W  N  Cottingham and D  A  Greenwood}, 
      title        = {An Introduction to the Standard Model of Particle Physics},
      publisher    = {Cambridge University Press},
      year         = {1998},
}

@book{SM-intro-2,
      author       = "Kane, G. L.",
      title        = "Modern Elementary Particle Physics",
      publisher    = "Addison-Wesley",
      address      = "Redwood City, CA",
      year         = "1987",
}

@Article{Nambu60,
     author    = "Nambu, Yoichiro",
     title     = "Axial Vector Current Conservation in Weak Interactions",
     journal   = "Phys. Rev. Lett.",
     volume    = "4",
     year      = "1960",
     pages     = "380--382",
     doi       = "10.1103/PhysRevLett.4.380",
     SLACcitation  = "%%CITATION = PRLTA,4,380;%%"
}

@Article{tHooft,
  author =  {G 't Hooft and M Veltman},
  title  =  {Regularization and Renormalization of Gauge Fields},
  journal = {Nucl. Phys.}, 
  volume  = {B44},
  year =    {1972},
  page =    {189--213},
  doi       = "10.1016/0550-3213(72)90279-9",
  SLACcitation  = "%%CITATION = NUPHA,B44,189;%%"
}

@Article{Cabibbo63,
     author    = "Cabibbo, Nicola",
     title     = "Unitary Symmetry and Leptonic Decays",
     journal   = "Phys. Rev. Lett.",
     volume    = "10",
     year      = "1963",
     pages     = "531--533",
     doi       = "10.1103/PhysRevLett.10.531",
     SLACcitation  = "%%CITATION = PRLTA,10,531;%%"
}

@Article{KM73,
     author    = "Kobayashi, Makoto and Maskawa, Toshihide",
     title     = "CP Violation in the Renormalizable Theory of Weak
                  Interaction",
     journal   = "Prog. Theor. Phys.",
     volume    = "49",
     year      = "1973",
     pages     = "652--657",
     doi       = "10.1143/PTP.49.652",
     SLACcitation  = "%%CITATION = PTPKA,49,652;%%"
}

@Article{Charles05,
     author    = "Charles, J. and others",
 collaboration = "CKM fitter Group",
     title     = "CP Violation and the CKM Matrix: Assessing the Impact of
                  the Asymmetric $B$ Factories",
     journal   = "Eur. Phys. J.",
     volume    = "C41",
     year      = "2005",
     pages     = "1--131",
     eprint    = "hep-ph/0406184",
     archivePrefix = "arXiv",
     doi       = "10.1140/epjc/s2005-02169-1",
     SLACcitation  = "%%CITATION = HEP-PH/0406184;%%"
}

@misc{Charles09,
     author    = "Charles, J. and others",
 collaboration = "CKM fitter Group",
     note     = "Preliminary results as of Moriond 2009, updated results and plots from \cite{Charles05}, available at \href{http://ckmfitter.in2p3.fr}{http://ckmfitter.in2p3.fr}",
}

@misc{Charles09_Beauty,
     author    = "Charles, J. and others",
 collaboration = "CKM fitter Group",
     note     = "Preliminary results as of Beauty 2009, updated results and plots from \cite{Charles05}, available at \href{http://ckmfitter.in2p3.fr}{http://ckmfitter.in2p3.fr}",
}


% Neutrinos 
@Article{Homestake,
  title = {Search for Neutrinos from the Sun},
  author = {Davis, Raymond  and Harmer, Don S. and Hoffman, Kenneth C.},
  journal = {Phys. Rev. Lett.},
  volume = {20},
  number = {21},
  pages = {1205--1209},
  numpages = {4},
  year = {1968},
  month = {May},
  doi = {10.1103/PhysRevLett.20.1205},
  publisher = {American Physical Society}
}

@Article{SK,
  title = {Constraints on Neutrino Oscillations Using 1258 Days of {Super-Kamiokande} Solar Neutrino Data},
  author = {S  Fukuda and others},
collaboration = "Super-Kamiokande collaboration",
  journal = {Phys. Rev. Lett.},
  volume = {86},
  number = {25},
  pages = {5656--5660},
  numpages = {4},
  year = {2001},
  month = {Jun},
  doi = {10.1103/PhysRevLett.86.5656},
  publisher = {American Physical Society}
}

@Article{SK98,
  title = {Measurements of the Solar Neutrino Flux from {Super-Kamiokande}'s First 300 Days},
  author = {Fukuda, Y.  and Hayakawa, T.  and Ichihara, E.  and Inoue, K.  and Ishihara, K.  and Ishino, H.  and Itow, Y.  and Kajita, T.  and Kameda, J.  and Kasuga, S.  and Kobayashi, K.  and Kobayashi, Y.  and Koshio, Y.  and Martens, K.  and Miura, M.  and Nakahata, M.  and Nakayama, S.  and Okada, A.  and Oketa, M.  and Okumura, K.  and Ota, M.  and Sakurai, N.  and Shiozawa, M.  and Suzuki, Y.  and Takeuchi, Y.  and Totsuka, Y.  and Yamada, S. },
  journal = {Phys. Rev. Lett.},
collaboration = "Super-Kamiokande collaboration",
  volume = {81},
  number = {6},
  pages = {1158--1162},
  numpages = {4},
  year = {1998},
  month = {Aug},
  doi = {10.1103/PhysRevLett.81.1158},
  publisher = {American Physical Society}
}

@Article{SNO,
  title = {Measurement of the Rate of $\nu_e + d \to p + p + e^-$ Interactions Produced by {$^8B$} Solar Neutrinos at the {Sudbury Neutrino Observatory}},
  author = {Ahmad, Q. R and Allen, R. C. and Andersen, T. C. and Anglin, J. D. and B\"uhler, G.  and Barton, J. C. and Beier, E. W. and Bercovitch, M.  and Bigu, J.  and Biller, S.  and Black, R. A. and Blevis, I.  and Boardman, R. J. and Boger, J.  and Bonvin, E.  and Boulay, M. G. and Bowler, M. G. and Bowles, T. J. and Brice, S. J. and Browne, M. C. and Bullard, T. V. and Burritt, T. H. and Cameron, K.  and Cameron, J.  and Chan, Y. D. and Chen, M.  and Chen, H. H.},
  journal = {Phys. Rev. Lett.},
collaboration = "Sudbury Neutrino Observatory collaboration",
  volume = {87},
  number = {7},
  pages = {071301},
  numpages = {6},
  year = {2001},
  month = {Jul},
  doi = {10.1103/PhysRevLett.87.071301},
  publisher = {American Physical Society}
}


%cosmology
@Article{DarkMatter-1,
     author    = "Riess, Adam G. and others",
 collaboration = "Supernova Search Team",
     title     = "Observational Evidence from Supernovae for an Accelerating Universe and a Cosmological Constant",
     journal   = "Astron. J.",
     volume    = "116",
     year      = "1998",
     pages     = "1009-1038",
     eprint    = "astro-ph/9805201",
     archivePrefix = "arXiv",
     doi       = "10.1086/300499",
     SLACcitation  = "%%CITATION = ASTRO-PH/9805201;%%"
}

@Article{DarkMatter-2,
     author    = "Perlmutter, S. and others",
 collaboration = "Supernova Cosmology Project",
     title     = "Measurements of $\Omega$ and $\Lambda$ from $42$ High-Redshift Supernovae",
     journal   = "Astrophys. J.",
     volume    = "517",
     year      = "1999",
     pages     = "565--586",
     eprint    = "astro-ph/9812133",
     archivePrefix = "arXiv",
     doi       = "10.1086/307221",
     SLACcitation  = "%%CITATION = ASTRO-PH/9812133;%%"
}

@Article{WMAP,
     author    = "Spergel, D. N.  and others",
 collaboration = "WMAP collaboration",
     title     = "Wilkinson Microwave Anisotropy Probe (WMAP) Three Year Results:  Implications for Cosmology",
     journal   = "Astrophys. J. Suppl.",
     volume    = "170",
     year      = "2007",
     pages     = "377",
     eprint    = "astro-ph/0603449",
     archivePrefix = "arXiv",
     doi       = "10.1086/513700",
     SLACcitation  = "%%CITATION = ASTRO-PH/0603449;%%"
}

@Article{Zwicky-1,
     author    = "Zwicky, F.",
     title     = "Spectral Displacement of Extra Galactic Nebulae",
     journal   = "Helv. Phys. Acta",
     volume    = "6",
     year      = "1933",
     pages     = "110-127",
     SLACcitation  = "%%CITATION = HPACA,6,110;%%"
}

@Article{Zwicky-2,
     author    = "Zwicky, F.",
     title     = "On the Masses of Nebulae and of Clusters of Nebulae",
     journal   = "Astrophys. J.",
     volume    = "86",
     year      = "1937",
     pages     = "217-246",
     SLACcitation  = "%%CITATION = ASJOA,86,217;%%"
}

@ARTICLE{galaxy-rotation,
   author = {Roberts, M.~S. and Rots, A.~H.},
    title = {\href{http://cdsads.u-strasbg.fr/abs/1973A%26A....26..483R}{Comparison of Rotation Curves of Different Galaxy Types}},
  journal = {Astronomy and Astrophysics},
     year = "1973",
    month = "Aug",
   volume = "26",
    pages = {483--485},
   adsurl = {http://adsabs.harvard.edu/abs/1973A%26A....26..483R},
  adsnote = {Provided by the SAO/NASA Astrophysics Data System}
}

@Article{HST_keyProject,
     author    = "Freedman, W. L.  and others",
 collaboration = "HST collaboration",
     title     = "Final Results from the Hubble Space Telescope Key Project
                  to Measure the Hubble Constant",
     journal   = "Astrophys. J.",
     volume    = "553",
     year      = "2001",
     pages     = "47--72",
     eprint    = "astro-ph/0012376",
     archivePrefix = "arXiv",
     doi       = "10.1086/320638",
     SLACcitation  = "%%CITATION = ASTRO-PH/0012376;%%"
}

@Article{WMAP_5y,
     author    = "Dunkley, J.  and others",
 collaboration = "WMAP collaboration",
     title     = "Five-Year Wilkinson Microwave Anisotropy Probe (WMAP)
                  Observations: Likelihoods and Parameters from the WMAP
                  Data",
     journal   = "Astrophys. J. Suppl.",
     volume    = "180",
     year      = "2009",
     pages     = "306--329",
     eprint    = "0803.0586",
     primaryClass  =  "hep-ph",
     archiveURLType = "new",
     archivePrefix = "arXiv",
     doi       = "10.1088/0067-0049/180/2/306",
     SLACcitation  = "%%CITATION = 0803.0586;%%"
}

% muon anomalous magnetic momentum

@Article{g-2_Jegerlehner09,
     author    = "Jegerlehner, Fred and Nyffeler, Andreas",
     title     = "Muon $g-2$",
     journal   = "Phys. Rept.",
     volume    = "477",
     year      = "2009",
     pages     = "1--110",
     eprint    = "0902.3360",
     primaryClass  =  "hep-ph",
     archiveURLType = "new",
     archivePrefix = "arXiv",
     doi       = "10.1016/j.physrep.2009.04.003",
     SLACcitation  = "%%CITATION = 0902.3360;%%"
}

@Article{g-2_collaboration06,
     author    = "Bennett, G. W  and others",
 collaboration = "Muon $g-2$ collaboration",
     title     = "Final Report of the Muon E$821$ Anomalous Magnetic Moment
                  Measurement at  BNL",
     journal   = "Phys. Rev.",
     volume    = "D73",
     year      = "2006",
     pages     = "072003",
     eprint    = "hep-ex/0602035",
     archivePrefix = "arXiv",
     doi       = "10.1103/PhysRevD.73.072003",
     SLACcitation  = "%%CITATION = HEP-EX/0602035;%%"
}


% BSM


@Article{SS_primer,
     author    = "Martin, Stephen P.",
     title     = "A Supersymmetry Primer",
     year      = "1997",
     eprint    = "hep-ph/9709356",
     archivePrefix = "arXiv",
     SLACcitation  = "%%CITATION = HEP-PH/9709356;%%"
}

@Article{Dimopoulos95,
     author    = "Dimopoulos, Savas and Sutter, David W.",
     title     = "The Supersymmetric Flavor Problem",
     journal   = "Nucl. Phys.",
     volume    = "B452",
     year      = "1995",
     pages     = "496-512",
     eprint    = "hep-ph/9504415",
     archivePrefix = "arXiv",
     doi       = "10.1016/0550-3213(95)00421-N",
     SLACcitation  = "%%CITATION = HEP-PH/9504415;%%"
}

@Article{Haber97,
     author    = "Haber, Howard E.",
     title     = "The Status of the Minimal Supersymmetric Standard Model
                  and Beyond",
     journal   = "Nucl. Phys. Proc. Suppl.",
     volume    = "62",
     year      = "1998",
     pages     = "469-484",
     eprint    = "hep-ph/9709450",
     archivePrefix = "arXiv",
     doi       = "10.1016/S0920-5632(97)00688-9",
     SLACcitation  = "%%CITATION = HEP-PH/9709450;%%"
}

@Article{SUGRA,
     author    = "van Nieuwenhuizen, P.",
     title     = "Supergravity",
     journal   = "Phys. Rept.",
     volume    = "68",
     year      = "1981",
     pages     = "189-398",
     doi       = "10.1016/0370-1573(81)90157-5",
     SLACcitation  = "%%CITATION = PRPLC,68,189;%%"
}

@Article{Chamseddine82,
     author    = "Chamseddine, Ali H. and Arnowitt, Richard L. and Nath, Pran
                  ",
     title     = "Locally Supersymmetric Grand Unification",
     journal   = "Phys. Rev. Lett.",
     volume    = "49",
     year      = "1982",
     pages     = "970",
     doi       = "10.1103/PhysRevLett.49.970",
     SLACcitation  = "%%CITATION = PRLTA,49,970;%%"
}



@Article{Giudice99,
     author    = "Giudice, G. F. and Rattazzi, R.",
     title     = "Theories with Gauge-Mediated Supersymmetry Breaking",
     journal   = "Phys. Rept.",
     volume    = "322",
     year      = "1999",
     pages     = "419-499",
     eprint    = "hep-ph/9801271",
     archivePrefix = "arXiv",
     doi       = "10.1016/S0370-1573(99)00042-3",
     SLACcitation  = "%%CITATION = HEP-PH/9801271;%%"
}


%%% AMSB
@Article{Gherghetta99,
     author    = "Gherghetta, Tony and Giudice, Gian F. and Wells, James D.",
     title     = "Phenomenological Consequences of Supersymmetry with Anomaly-Induced  Masses",
     journal   = "Nucl. Phys.",
     volume    = "B559",
     year      = "1999",
     pages     = "27-47",
     eprint    = "hep-ph/9904378",
     archivePrefix = "arXiv",
     doi       = "10.1016/S0550-3213(99)00429-0",
     SLACcitation  = "%%CITATION = HEP-PH/9904378;%%"
}

@Article{ED_Kaluza,
     author    = "Kaluza, T.",
     title     = "On the Problem of Unity in Physics",
     journal   = "Sitzungsber. Preuss. Akad. Wiss. Berlin (Math. Phys.)",
     volume    = "1921",
     year      = "1921",
     pages     = "966--972",
     SLACcitation  = "%%CITATION = SPWPA,1921,966;%%"
}

@Article{ED_Klein,
     author    = "Klein, O.",
     title     = "Quantum Theory and Five-Dimensional Theory of Relativity",
     journal   = "Z. Phys.",
     volume    = "37",
     year      = "1926",
     pages     = "895--906",
     doi       = "10.1007/BF01397481",
     SLACcitation  = "%%CITATION = ZEPYA,37,895;%%"
}

@Article{Extra_dim,
     author    = "Perez-Lorenzana, A.",
     title     = "An Introduction to Extra Dimensions",
     journal   = "J. Phys. Conf. Ser.",
     volume    = "18",
     year      = "2005",
     pages     = "224--269",
     eprint    = "hep-ph/0503177",
     archivePrefix = "arXiv",
     doi       = "10.1088/1742-6596/18/1/006",
     SLACcitation  = "%%CITATION = HEP-PH/0503177;%%"
}

@Article{ED_Mele,
     author    = "Mele, S.",
     title     = "Experimental Constraints on Extra Dimensions",
     journal   = "Eur. Phys. J.",
     volume    = "C33",
     year      = "2004",
     pages     = "919--923",
     doi       = "10.1140/epjcd/s2003-03-1106-9",
     SLACcitation  = "%%CITATION = EPHJA,C33,S919;%%"
}

@Article{GIM,
  title = {Weak Interactions with Lepton-Hadron Symmetry},
  author = {Glashow, S. L. and Iliopoulos, J.  and Maiani, L. },
  journal = {Phys. Rev. D},
  volume = {2},
  number = {7},
  pages = {1285--1292},
  numpages = {7},
  year = {1970},
  month = {Oct},
  doi = {10.1103/PhysRevD.2.1285},
  publisher = {American Physical Society}
}
  
@Article{Psi_SLAC,
  title = {Discovery of a Narrow Resonance in $e^+e^-$ Annihilation},
  author = {Augustin, J. -E. and Boyarski, A. M. and Breidenbach, M.  and Bulos, F.  and Dakin, J. T. and Feldman, G. J. and Fischer, G. E. and Fryberger, D.  and Hanson, G.  and Jean-Marie, B.  and Larsen, R. R. and L\"uth, V.  and Lynch, H. L. and Lyon, D.  and Morehouse, C. C. and Paterson, J. M. and Perl, M. L. and Richter, B.  and Rapidis, P.  and Schwitters, R. F. and Tanenbaum, W. M. and Vannucci, F.  and Abrams, G. S. and Briggs, D.  and Chinowsky, W.  and Friedberg, C. E. and Goldhaber, G. },
  journal = {Phys. Rev. Lett.},
  volume = {33},
  number = {23},
  pages = {1406--1408},
  numpages = {2},
  year = {1974},
  month = {Dec},
  doi = {10.1103/PhysRevLett.33.1406},
  publisher = {American Physical Society}
}

@Article{J_BNL,
  title = {Experimental Observation of a Heavy Particle {\particle{J}}},
  author = {Aubert, J. J. and Becker, U.  and Biggs, P. J. and Burger, J.  and Chen, M.  and Everhart, G.  and Goldhagen, P.  and Leong, J.  and McCorriston, T.  and Rhoades, T. G. and Rohde, M.  and Ting, Samuel C. C. and Wu, Sau Lan and Lee, Y. Y.},
  journal = {Phys. Rev. Lett.},
  volume = {33},
  number = {23},
  pages = {1404--1406},
  numpages = {2},
  year = {1974},
  month = {Dec},
  doi = {10.1103/PhysRevLett.33.1404},
  publisher = {American Physical Society}
}

@Article{top_CDF,
  title = {Observation of Top Quark Production in $p\overline{p}$ Collisions with the Collider Detector at FermiLab},
  author = {Abe, F.  and others},
  journal = {Phys. Rev. Lett.},
  volume = {74},
  number = {14},
  pages = {2626--2631},
  numpages = {5},
  year = {1995},
  month = {Apr},
  doi = {10.1103/PhysRevLett.74.2626},
  publisher = {American Physical Society}
}

@Article{top_D0,
     author    = "Abachi, S. and others",
 collaboration = "D0",
     title     = "Search for High Mass Top Quark Production in $p\overline{p}$ Collisions at $\sqrt{s} = 1.8\tev$",
     journal   = "Phys. Rev. Lett.",
     volume    = "74",
     year      = "1995",
     pages     = "2422-2426",
     eprint    = "hep-ex/9411001",
     archivePrefix = "arXiv",
     doi       = "10.1103/PhysRevLett.74.2422",
     SLACcitation  = "%%CITATION = HEP-EX/9411001;%%"
}

% Phi Gamma

@Article{Wicht08,
     author    = "Wicht, J. and others",
 collaboration = "\belle collaboration",
     title     = "Observation of \decay{\Bs}{\phi \gamma} and Search for
                  \decay{\Bs}{\gamma \gamma} Decays at \belle",
     journal   = "Phys. Rev. Lett.",
     volume    = "100",
     year      = "2008",
     pages     = "121801",
     eprint    = "0712.2659",
     archivePrefix = "arXiv",
     primaryClass  =  "hep-ex",
     archiveURLType = "new",
     doi       = "10.1103/PhysRevLett.100.121801",
     SLACcitation  = "%%CITATION = 0712.2659;%%"
}

@Article{Phi_gamma_LR,
  title = {Left-right Gauge Symmetry and an "Isoconjugate" Model of \mcal{CP} Violation},
  author = {Mohapatra, Rabindra N. and Pati, Jogesh C.},
  journal = {Phys. Rev. D},
  volume = {11},
  number = {3},
  pages = {566--571},
  numpages = {5},
  year = {1975},
  month = {Feb},
  doi = {10.1103/PhysRevD.11.566},
  publisher = {American Physical Society}
}

@Article{Phi_gamma_uMSSM,
     author    = "Haber, Howard E. and Kane, Gordon L.",
     title     = "The Search for Supersymmetry: Probing Physics Beyond the
                  Standard Model",
     journal   = "Phys. Rept.",
     volume    = "117",
     year      = "1985",
     pages     = "75--263",
     doi       = "10.1016/0370-1573(85)90051-1",
     SLACcitation  = "%%CITATION = PRPLC,117,75;%%"
}

@techreport{Phi_gamma_roadmap,
      author       = "Barsuk, S and Bret, A and Andrey Golutvin, A and Graciani Diaz, R and Deschamps, O and Egorychev, V and Knecht, M and Kozlinskiy, A and Legger, F and Machefert, F and Machikhilian, I and Minard, M-N and Pakhlova, G and Navarro, A and Rospabe, G and Savrina, D and Schneider, O and Shchutska, L and Shevchenko, V and Soomro, F and Vazquez Gomes, R and Voronchev, K and Witek, M and Xie, Y and Yushchenko, O and Belyaev, I",
      title        = "Roadmap for the Radiative Decays of Beauty Hadrons at LHCb",
      institution  = "CERN",
      address      = "Geneva",
      number       = "LHCB-ROADMAP4-001",
      year         = "2009",
}


@Article{Muheim08,
     author    = "Muheim, Franz and Xie, Yuehong and Zwicky, Roman",
     title     = "Exploiting the Width Difference in $B_s \to \phi \gamma$",
     journal   = "Phys. Lett.",
     volume    = "B664",
     year      = "2008",
     pages     = "174--179",
     eprint    = "0802.0876",
     archivePrefix = "arXiv",
     archiveURLType = "new",
     primaryClass  =  "hep-ph",
     doi       = "10.1016/j.physletb.2008.05.032",
     SLACcitation  = "%%CITATION = 0802.0876;%%"
}

@techreport{Phi_gamma_note1,
      author       = "Shchutska, L and Golutvin, A and Belyaev, I",
      title        = "Study of Radiative Penguin Decays $B^0 \to K^{\ast 0} \gamma$ and $B^0_s \to \phi \gamma$ at LHCb",
      institution  = "CERN",
      address      = "Geneva",
      number       = "LHCb-2007-030",
      month        = "May",
      year         = "2007",
}

@techreport{Phi_gamma_note2,
      author       = "Shchutska, L and Xie, Y and Golutvin, A and Egorychev, V
                      and Shevchenko, V and Belyaev, I",
      title        = "Probing the Photon Polarization in $B^0_s \to \phi \gamma$ at LHCb",
      institution  = "CERN",
      address      = "Geneva",
      number       = "LHCb-2007-147",
      month        = "Apr",
      year         = "2007",
}

%Kstar mu mu
@techreport{Kstar_roadmap,
      author       = "Dickens, J and Skottowe, H and Patel, M and Marinho, F and Blake, T and Egede, U and Reece, W",
      title        = "Roadmap for the Analysis of $B_d \to K^{*} \mu^+ mu^-$",
      institution  = "CERN",
      address      = "Geneva",
      number       = "LHCB-ROADMAP2-001",
      year         = "2009",
}

@techreport{Kstar_note1,
      author       = "Dickens, J and Gibson, V and Lazzeroni, C and Patel, M",
      title        = "A Study of the Sensitivity to the Forward-Backward
                      Asymmetry in $B_d \to K^{*} \mu^+ \mu^-$ Decays at LHCb",
      institution  = "CERN",
      address      = "Geneva",
      number       = "LHCb-2007-039",
      month        = "Jul",
      year         = "2007",
}

@techreport{Kstar_note2,
      author       = "Jansen, F and Serra, N and Smit, G Y and Tuning, N",
      title        = "Determination of the Forward-Backward Asymmetry in the Decay $B_d \to K^{*} \mu^+ \mu^-$ with an Unbinned Counting Analysis",
      institution  = "CERN",
      address      = "Geneva",
      number       = "LHCb-2009-003",
      month        = "May",
      year         = "2009",
}

@Article{qzero,
     author    = "Beneke, M. and Feldmann, Th. and Seidel, D.",
     title     = "Exclusive Radiative and Electroweak $b \to d$ and $b \to s$
                  Penguin Decays  at {NLO}",
     journal   = "Eur. Phys. J.",
     volume    = "C41",
     year      = "2005",
     pages     = "173--188",
     eprint    = "hep-ph/0412400",
     archivePrefix = "arXiv",
     doi       = "10.1140/epjc/s2005-02181-5",
     SLACcitation  = "%%CITATION = HEP-PH/0412400;%%"
}

@article{AFB,
title = "Forward-Backward Asymmetry of Dilepton Angular Distribution in the Decay $b \to s \ell^+ \ell^-$",
journal = "Physics Letters B",
volume = "273",
number = "4",
pages = "505--512",
year = "1991",
issn = "0370-2693",
doi = "10.1016/0370-2693(91)90306-B",
author = "A. Ali and T. Mannel and T. Morozumi",
}

@Article{Egede_theo,
     author    = "Egede, U. and Hurth, T. and Matias, J. and Ramon, M. and Reece, W.",
     title     = "New Observables in the Decay Mode $overline{B} \to \overline{K}^{*0} \ell^+ \ell^-$",
     journal   = "JHEP",
     volume    = "11",
     year      = "2008",
     pages     = "032",
     eprint    = "0807.2589",
     primaryClass  =  "hep-ph",
     archiveURLType = "new",
     archivePrefix = "arXiv",
     doi       = "10.1088/1126-6708/2008/11/032",
     SLACcitation  = "%%CITATION = 0807.2589;%%"
}


%Bsmumu theo

@Article{Wilson_coeff,
  title = {Non-Lagrangian Models of Current Algebra},
  author = {Wilson, Kenneth G.},
  journal = {Phys. Rev.},
  volume = {179},
  number = {5},
  pages = {1499--1512},
  numpages = {13},
  year = {1969},
  month = {Mar},
  doi = {10.1103/PhysRev.179.1499},
  publisher = {American Physical Society}
}

@Article{Wilson_Zimmermann,
     author    = "Wilson, K. G. and Zimmermann, W.",
     title     = "Operator Product Expansions and Composite Field Operators
                  in the General Framework of Quantum Field Theory",
     journal   = "Commun. Math. Phys.",
     volume    = "24",
     year      = "1972",
     pages     = "87-106",
     doi       = "10.1007/BF01878448",
     SLACcitation  = "%%CITATION = CMPHA,24,87;%%"
}

@Article{Buchalla96,
     author    = "Buchalla, G. and Buras, A. and Lautenbacher, M.",
     title     = "Weak Decays beyond Leading Logarithms",
     journal   = "Rev. Mod. Phys.",
     volume    = "68",
     year      = "1996",
     pages     = "1125--1144",
     eprint    = "hep-ph/9512380",
     archivePrefix = "arXiv",
     doi       = "10.1103/RevModPhys.68.1125",
     SLACcitation  = "%%CITATION = HEP-PH/9512380;%%"
}

@Article{Witten77,
     author    = "Witten, Edward",
     title     = "Short Distance Analysis of Weak Interactions",
     journal   = "Nucl. Phys.",
     volume    = "B122",
     year      = "1977",
     pages     = "109",
     doi       = "10.1016/0550-3213(77)90428-X",
     SLACcitation  = "%%CITATION = NUPHA,B122,109;%%"
}

@Article{Bobeth,
     author    = "Bobeth, C. and Ewerth, T. and Kruger, F. and Urban, J.",
     title     = "Analysis of Neutral Higgs Boson Contributions to the Decays $\overline{B}_s \to \ell^{+} \ell^{-}$ and $\overline{B} \to K \ell^{+} \ell^{-}$",
     journal   = "Phys. Rev.",
     volume    = "D64",
     year      = "2001",
     pages     = "074014",
     eprint    = "hep-ph/0104284",
     archivePrefix = "arXiv",
     doi       = "10.1103/PhysRevD.64.074014",
     SLACcitation  = "%%CITATION = HEP-PH/0104284;%%"
}

@Article{Inami,
     author    = "Inami, T. and Lim, C. S.",
     title     = "Effects of Superheavy Quarks and Leptons in Low-Energy Weak Processes $\Kl \to \mu \overline{\mu}$, $\Kp \to \pip \nu \overline{\nu}$ and $K^0 \leftrightarrow \overline{K^0}$",
     journal   = "Prog. Theor. Phys.",
     volume    = "65",
     year      = "1981",
     pages     = "297",
     doi       = "10.1143/PTP.65.297",
}

@Article{Inami-erratum,
     author    = "Inami, T. and Lim, C. S.",
     title     = "Errata: Effects of Superheavy Quarks and Leptons in Low-Energy Weak Processes \Kl $\to \mu \overline{\mu}$, \Kp $\to$ \pip \Pnu \APnu and \PKzero $\leftrightarrow \APKzero$",
     journal   = "Prog. Theor. Phys.",
     volume    = "65",
     year      = "1981",
     pages     = "1772",
     doi       = "10.1143/PTP.65.1772"
}

@Article{Grzadkowski83,
     author    = "Grzadkowski, B. and Krawczyk, P.",
     title     = "Higgs Particle Effects in Flavour Changing Transitions",
     journal   = "Z. Phys.",
     volume    = "C18",
     year      = "1983",
     pages     = "43-45",
     doi       = "10.1007/BF01571704",
     SLACcitation  = "%%CITATION = ZEPYA,C18,43;%%"
}

@Article{Krawczyk89,
     author    = "Krawczyk, P.",
     title     = "Flavour Changing Yukawa Coupling of the Standard Higgs Boson: Effects of the External Quark Masses",
     journal   = "Z. Phys.",
     volume    = "C44",
     year      = "1989",
     pages     = "509",
     doi       = "10.1007/BF01415567",
     SLACcitation  = "%%CITATION = ZEPYA,C44,509;%%"
}

@Article{BDKdecays,
     author    = "Buchalla, G. and others",
     title     = "$B$, $D$ and $K$ Decays",
     journal   = "Eur. Phys. J.",
     volume    = "C57",
     year      = "2008",
     pages     = "309-492",
     eprint    = "0801.1833",
     primaryClass  =  "hep-ph",
     archiveURLType = "new",
     archivePrefix = "arXiv",
     doi       = "10.1140/epjc/s10052-008-0716-1",
     SLACcitation  = "%%CITATION = 0801.1833;%%"
}

@Article{Blanke06,
     author    = "Blanke, Monika and Buras, Andrzej  and Guadagnoli, Diego
                  and Tarantino, Cecilia",
     title     = "Minimal Flavour Violation Waiting for Precise Measurements of $\Delta M_s, S_{\psi \phi}, A^s_{\rm SL}, |V_{ub}|, \gamma$ and $B^0_{s,d} \to \mu^+ \mu^-$",
     journal   = "JHEP",
     volume    = "10",
     year      = "2006",
     pages     = "003",
     eprint    = "hep-ph/0604057",
     archivePrefix = "arXiv",
     doi       = "10.1088/1126-6708/2006/10/003",
     SLACcitation  = "%%CITATION = HEP-PH/0604057;%%"
}


@Article{CDF-mumu,
     author    = "Aaltonen, T. and others",
 collaboration = "CDF collaboration",
     title     = "Search for $B^0_{s} \to \mu^{+} \mu^{-}$ and $B^0_{d} \to \mu^{+} \mu^{-}$ Decays with $2\invfb$ of \ppbar Collisions",
     journal   = "Phys. Rev. Lett.",
     volume    = "100",
     year      = "2008",
     pages     = "101802",
     eprint    = "0712.1708",
     primaryClass  =  "hep-ph",
     archiveURLType = "new",
     archivePrefix = "arXiv",
     doi       = "10.1103/PhysRevLett.100.101802",
     SLACcitation  = "%%CITATION = 0712.1708;%%"
}

@techreport{CDF-mumu09,
     author    = "Aaltonen, T. and others",
 collaboration = "CDF collaboration",
     title     = "Search for \Bsmumu and \decay{B^0_d}{\mu^+ \mu^-} Decays in $3.7\invfb$ of $p\overline{p}$ Collisions with CDF II",
     year      = "2009",
     institution = "Fermilab",
     number = "CDF Public note 9892",
}


@Article{Aubert06,
     author    = "Aubert, B. and others",
 collaboration = "\babar collaboration",
     title     = "A Search for the Rare Decay $B^0 \to \tau^+ \tau^-$ at \babar",
     journal   = "Phys. Rev. Lett.",
     volume    = "96",
     year      = "2006",
     pages     = "241802",
     eprint    = "hep-ex/0511015",
     archivePrefix = "arXiv",
     doi       = "10.1103/PhysRevLett.96.241802",
     SLACcitation  = "%%CITATION = HEP-EX/0511015;%%"
}

@Article{Acciarri97,
     author    = "Acciarri, M. and others",
 collaboration = "L3 collaboration",
     title     = "Search for Neutral $B$ Meson Decays to Two Charged Leptons",
     journal   = "Phys. Lett.",
     volume    = "B391",
     year      = "1997",
     pages     = "474-480",
     doi       = "10.1016/S0370-2693(96)01583-3",
     SLACcitation  = "%%CITATION = PHLTA,B391,474;%%"
}

@Article{Dirac_golden,
     author    = "Dirac, P.~A.~M.",
     title     = "The Quantum Theory of the Emission and Absorption of Radiation",
     journal   = "Proc. R. Soc. Lond. A",
     volume    = "114",
     year      = "1927",
     pages     = "243--265"
}

@Book{Higgs_hunter,
  author =       "Gunion, J. and Haber, H. and Kane, G. and Dawson, S.",
  title =        "The Higgs Hunter's Guide",
  publisher =    "Ad{\-d}i{\-s}on-Wes{\-l}ey",
  address =      "Reading, MA, USA",
  pages =        "425",
  year =         "1990",
  ISBN =         "0-201-50935-0"
}
@Article{Djouadi:2005gi,
     author    = "Djouadi, Abdelhak",
     title     = "The Anatomy of Electro-Weak Symmetry Breaking. I: The Higgs Boson in the Standard Model",
     journal   = "Phys. Rept.",
     volume    = "457",
     year      = "2008",
     pages     = "1-216",
     eprint    = "hep-ph/0503172",
     archivePrefix = "arXiv",
     doi       = "10.1016/j.physrep.2007.10.004",
     SLACcitation  = "%%CITATION = HEP-PH/0503172;%%"
}

@Article{btosgamma_experiments-2,
  title = {Inclusive Measurement of the Photon Energy Spectrum in $b\to s \gamma$ Decays},
  author = {P.  Koppenburg and others },
  collaboration = "\belle collaboration ",
  journal = {Phys. Rev. Lett.},
  volume = {93},
  number = {6},
  pages = {061803},
  numpages = {6},
  year = {2004},
  month = {Aug},
  doi = {10.1103/PhysRevLett.93.061803},
  eprint    = "hep-ex/0403004",
  archivePrefix = "arXiv",
  publisher = {American Physical Society}
}

@Article{btosgamma_experiments-3,
  author    = "Aubert, B. and others",
  title = {Measurement of the Branching Fraction and Photon Energy Moments of $B \to X_s \gamma$ and $A_{\mcal{CP}}(B \to X_{s+d} \gamma)$},
  collaboration = "\babar collaboration",
  journal = {Phys. Rev. Lett.},
  volume = {97},
  number = {17},
  pages = {171803},
  numpages = {7},
  year = {2006},
  eprint    = "hep-ex/0607071",
  archivePrefix = "arXiv",
  doi       = "10.1103/PhysRevLett.97.171803",
  publisher = {American Physical Society}
}

@Article{HFAG05,
     author    = "Barberio, E. and others",
 collaboration = "Heavy Flavor Averaging Group",
     title     = "Averages of $b-$Hadron Properties at the End of 2005",
     year      = "2006",
     eprint    = "hep-ex/0603003",
     archivePrefix = "arXiv",
     SLACcitation  = "%%CITATION = HEP-EX/0603003;%%"
}

@Article{HFAG07,
     author    = "Barberio, E. and others",
 collaboration = "Heavy Flavor Averaging Group",
     title     = "Averages of $b-$Hadron and $c-$Hadron Properties at the End of 2007",
     year      = "2008",
     eprint    = "0808.1297",
     primaryClass  =  "hep-ph",
     archiveURLType = "new",
     archivePrefix = "arXiv",
     SLACcitation  = "%%CITATION = 0808.1297;%%"
}

@Article{Misiak06,
     author    = "Misiak, M. and others",
     title     = "The First Estimate of $\mcal{B}(\overline{B} \to  X_s \gamma)$ at  $\mcal{O}(\alpha_s^2)$",
     journal   = "Phys. Rev. Lett.",
     volume    = "98",
     year      = "2007",
     pages     = "022002",
     eprint    = "hep-ph/0609232",
     archivePrefix = "arXiv",
     doi       = "10.1103/PhysRevLett.98.022002",
     SLACcitation  = "%%CITATION = HEP-PH/0609232;%%"
}

@Article{Logan00,
     author    = "Logan, H. and Nierste, U.",
     title     = "$B_{s,d} \to \ell^+ \ell^-$ in a Two Higgs Doublet Model",
     journal   = "Nucl. Phys.",
     volume    = "B586",
     year      = "2000",
     pages     = "39--55",
     eprint    = "hep-ph/0004139",
     archivePrefix = "arXiv",
     doi       = "10.1016/S0550-3213(00)00417-X",
     SLACcitation  = "%%CITATION = HEP-PH/0004139;%%"
}

%% MFV
@Article{MFV_basepaper,
     author    = "D'Ambrosio, G. and Giudice, G. F. and Isidori, G. and
                  Strumia, A.",
     title     = "Minimal Flavour Violation: An Effective Field Theory Approach",
     journal   = "Nucl. Phys.",
     volume    = "B645",
     year      = "2002",
     pages     = "155-187",
     eprint    = "hep-ph/0207036",
     archivePrefix = "arXiv",
     doi       = "10.1016/S0550-3213(02)00836-2",
     SLACcitation  = "%%CITATION = HEP-PH/0207036;%%"
}

@Article{Buras00,
     author    = "Buras, A. J. and Gambino, P. and Gorbahn, M. and Jager, S.
                  and Silvestrini, L.",
     title     = "Universal Unitarity Triangle and Physics Beyond the
                  Standard Model",
     journal   = "Phys. Lett.",
     volume    = "B500",
     year      = "2001",
     pages     = "161-167",
     eprint    = "hep-ph/0007085",
     archivePrefix = "arXiv",
     doi       = "10.1016/S0370-2693(01)00061-2",
     SLACcitation  = "%%CITATION = HEP-PH/0007085;%%",
     note = "Although anterior to the MFV modern definition, this paper introduce what is now known as the constrained MFV (CMFV)",
}

@Article{MFV_Hurth09,
     author    = "Hurth, Tobias and Isidori, Gino and Kamenik, Jernej F. and
                  Mescia, Federico",
     title     = "Constraints on New Physics in MFV models: A Model-Independent Analysis of $\Delta$F = 1 Processes",
     journal   = "Nucl. Phys.",
     volume    = "B808",
     year      = "2009",
     pages     = "326-346",
     eprint    = "0807.5039",
     primaryClass  =  "hep-ph",
     archiveURLType = "new",
     archivePrefix = "arXiv",
     doi       = "10.1016/j.nuclphysb.2008.09.040",
     SLACcitation  = "%%CITATION = 0807.5039;%%"
}

@Article{Buras03,
     author    = "Buras, Andrzej J.",
     title     = "Relations Between $\Delta M_{s,d}$ and $B_{s,d} \to \overline{\mu} \mu$ in Models with Minimal Flavor Violation",
     journal   = "Phys. Lett.",
     volume    = "B566",
     year      = "2003",
     pages     = "115-119",
     eprint    = "hep-ph/0303060",
     archivePrefix = "arXiv",
     doi       = "10.1016/S0370-2693(03)00561-6",
     SLACcitation  = "%%CITATION = HEP-PH/0303060;%%"
}

@Article{Buras09,
     author    = "Buras, Andrzej J.",
     title     = "Testing the CKM Picture of Flavour and \mcal{CP} Violation in
                  Rare $K$ and $B$ Decays and Particle-Antiparticle Mixing",
     year      = "2009",
     eprint    = "0904.4917",
     primaryClass  =  "hep-ph",
     archiveURLType = "new",
     archivePrefix = "arXiv",
     SLACcitation  = "%%CITATION = 0904.4917;%%"
}


@Article{Heinemeyer08,
     author    = "Heinemeyer, S. and Miao, X. and Su, S. and Weiglein, G.",
     title     = "$B$-Physics Observables and Electroweak Precision Data
                  in the CMSSM, mGMSB and mAMSB",
     journal   = "JHEP",
     volume    = "08",
     year      = "2008",
     pages     = "087",
     eprint    = "0805.2359",
     primaryClass  =  "hep-ph",
     archiveURLType = "new",
     archivePrefix = "arXiv",
     doi       = "10.1088/1126-6708/2008/08/087",
     SLACcitation  = "%%CITATION = 0805.2359;%%"
}

@Article{Allanach09,
     author    = "Allanach, B. and Hiller, G. and Jones, D. and Slavich, P.",
     title     = "Flavour Violation in Anomaly Mediated Supersymmetry Breaking",
     journal   = "JHEP",
     volume    = "04",
     year      = "2009",
     pages     = "088",
     eprint    = "0902.4880",
     primaryClass  =  "hep-ph",
     archiveURLType = "new",
     archivePrefix = "arXiv",
     doi       = "10.1088/1126-6708/2009/04/088",
     SLACcitation  = "%%CITATION = 0902.4880;%%"
}

@Article{Ellis04_CMSSM,
     author    = "Ellis, John R. and Olive, Keith A. and Santoso, Yudi and
                  Spanos, Vassilis C.",
     title     = "Gravitino Dark Matter in the CMSSM",
     journal   = "Phys. Lett.",
     volume    = "B588",
     year      = "2004",
     pages     = "7-16",
     eprint    = "hep-ph/0312262",
     archivePrefix = "arXiv",
     doi       = "10.1016/j.physletb.2004.03.021",
     SLACcitation  = "%%CITATION = HEP-PH/0312262;%%"
}

@Article{Ellis07_CMSSMNUHM,
     author    = "Ellis, John R. and Heinemeyer, S. and Olive, K. A. and
                  Weber, A. M. and Weiglein, G.",
     title     = "The Supersymmetric Parameter Space in Light of $B$-Physics Observables and Electroweak Precision Data",
     journal   = "JHEP",
     volume    = "08",
     year      = "2007",
     pages     = "083",
     eprint    = "0706.0652",
     primaryClass  =  "hep-ph",
     archiveURLType = "new",
     archivePrefix = "arXiv",
     doi       = "10.1088/1126-6708/2007/08/083",
     SLACcitation  = "%%CITATION = 0706.0652;%%"
}


@Article{Buchmueller09,
     author    = "Buchmueller, O. and others",
     title     = "Likelihood Functions for Supersymmetric Observables in
                  Frequentist Analyses of the CMSSM and NUHM1",
     journal   = "Eur. Phys. J.",
     volume    = "C64",
     year      = "2009",
     pages     = "391-415",
     eprint    = "0907.5568",
     archivePrefix = "arXiv",
     primaryClass  =  "hep-ph",
     archiveURLType = "new",
     doi       = "10.1140/epjc/s10052-009-1159-z",
     SLACcitation  = "%%CITATION = 0907.5568;%%"
}


@Article{Ellis02_CSS,
     author    = "Ellis, John R. and Olive, Keith A. and Santoso, Yudi",
     title     = "Constraining Supersymmetry",
     journal   = "New J. Phys.",
     volume    = "4",
     year      = "2002",
     pages     = "32",
     eprint    = "hep-ph/0202110",
     archivePrefix = "arXiv",
     doi       = "10.1088/1367-2630/4/1/332",
     SLACcitation  = "%%CITATION = HEP-PH/0202110;%%"
}

@Article{Ellis02_NUHM,
     author    = "Ellis, John R. and Olive, Keith A. and Santoso, Yudi",
     title     = "The MSSM Parameter Space with Non-Universal Higgs Masses",
     journal   = "Phys. Lett.",
     volume    = "B539",
     year      = "2002",
     pages     = "107-118",
     eprint    = "hep-ph/0204192",
     archivePrefix = "arXiv",
     doi       = "10.1016/S0370-2693(02)02071-3",
     SLACcitation  = "%%CITATION = HEP-PH/0204192;%%"
}

@Article{Berezinsky95,
     author    = "Berezinsky, V. and Bottino, A. and Ellis, J. and Fornengo, N. and Mignola, G. and Scopel, S.",
     title     = "Neutralino Dark Matter in Supersymmetric Models with
                  Non-Universal Scalar Mass Terms",
     journal   = "Astropart. Phys.",
     volume    = "5",
     year      = "1996",
     pages     = "1-26",
     eprint    = "hep-ph/9508249",
     archivePrefix = "arXiv",
     doi       = "10.1016/0927-6505(95)00048-8",
     SLACcitation  = "%%CITATION = HEP-PH/9508249;%%"
}

@Article{Ellis07_WMAPMSSM,
     author    = "Ellis, J. and Hahn, T. and Heinemeyer, S. and Olive, K. A.
                  and Weiglein, G.",
     title     = "WMAP-Compliant Benchmark Surfaces for MSSM Higgs Bosons",
     journal   = "JHEP",
     volume    = "10",
     year      = "2007",
     pages     = "092",
     eprint    = "0709.0098",
     primaryClass  =  "hep-ph",
     archiveURLType = "new",
     archivePrefix = "arXiv",
     doi       = "10.1088/1126-6708/2007/10/092",
     SLACcitation  = "%%CITATION = 0709.0098;%%"
}

@Article{Ellis07_CPV,
     author    = "Ellis, John R. and Lee, Jae Sik and Pilaftsis, Apostolos",
     title     = "B-Meson Observables in the Maximally \mcal{CP}-Violating MSSM
                  with Minimal Flavour Violation",
     journal   = "Phys. Rev.",
     volume    = "D76",
     year      = "2007",
     pages     = "115011",
     eprint    = "0708.2079",
     primaryClass  =  "hep-ph",
     archiveURLType = "new",
     archivePrefix = "arXiv",
     doi       = "10.1103/PhysRevD.76.115011",
     SLACcitation  = "%%CITATION = 0708.2079;%%"
}

@Article{Dreiner07,
     author    = "Dreiner, H. K. and Kramer, M. and O'Leary, Ben",
     title     = "Bounds on \mcal{R}-Parity Violation from Leptonic and Semi-Leptonic Meson Decays",
     journal   = "Phys. Rev.",
     volume    = "D75",
     year      = "2007",
     pages     = "114016",
     eprint    = "hep-ph/0612278",
     archivePrefix = "arXiv",
     doi       = "10.1103/PhysRevD.75.114016",
     SLACcitation  = "%%CITATION = HEP-PH/0612278;%%"
}

@Article{Mir08,
     author    = "Mir, A. and Tahir, F. and Ahmed, K.",
     title     = "Lepton Polarization Asymmetry in $B \to \ell^+ \ell^-$ Decays in \mcal{R}-Parity  Violating Minimal Supersymmetric Standard Model",
     journal   = "Europhys. Lett.",
     volume    = "83",
     year      = "2008",
     pages     = "41002",
     eprint    = "0707.2268",
     primaryClass  =  "hep-ph",
     archiveURLType = "new",
     archivePrefix = "arXiv",
     doi       = "10.1209/0295-5075/83/41002",
     SLACcitation  = "%%CITATION = EULEE,83,41002;%%",
}

@Article{Alok09,
     author    = "Alok, Ashutosh Kumar and Gupta, Sudhir Kumar",
     title     = "$B_s \to  \mu^+ \mu^-$ Decay in the \mcal{R}-Parity Violating Minimal Supergravity",
     year      = "2009",
     eprint    = "0904.1878",
     primaryClass  =  "hep-ph",
     archiveURLType = "new",
     archivePrefix = "arXiv",
     SLACcitation  = "%%CITATION = 0904.1878;%%"
}

@Article{Chang09,
     author    = "Chang, Qin and Li, Xin-Qiang and Yang, Ya-Dong",
     title     = "Family Non-Universal $Z^\prime$ Effects on $\bar{B}_q-B_q$
                  Mixing, $B\to X_s \mu^+\mu^-$ and $B_s\to \mu^+\mu^-$ Decays",
     year      = "2009",
     eprint    = "0907.4408",
     primaryClass  =  "hep-ph",
     archiveURLType = "new",
     archivePrefix = "arXiv",
     SLACcitation  = "%%CITATION = 0907.4408;%%"
}

@Article{Liu09,
     author    = "Liu, Wei and Yue, Chong-Xing and Yang, Hui-Di",
     title     = "Rare Decays $B_s\to \ell^+\ell^-$ and $B\to K\ell^+\ell^-$
                  in the Topcolor-assisted Technicolor Model",
     year      = "2009",
     eprint    = "0901.3463",
     primaryClass  =  "hep-ph",
     archiveURLType = "new",
     archivePrefix = "arXiv",
     SLACcitation  = "%%CITATION = 0901.3463;%%"
}

%%%%%%%%%%%%%%%%%%%%%%%%%%%%%%%%%%%%%%%%%%%%%%%%%%%%%%%%%%%%%%%%
%
%
%          Intro analysis
%
%
%%%%%%%%%%%%%%%%%%%%%%%%%%%%%%%%%%%%%%%%%%%%%%%%%%%%%%%%%%%%%%%%

@techreport{Diego07,
      author       = "Mart\'{\i}nez Santos, D and Hernando, J-A and Teubert, F",
      title        = "LHCb Potential to Measure/Exclure the Branching Ratio of
                      the Decay \Bsmumu",
      institution  = "CERN",
      address      = "Geneva",
      number       = "LHCb-2007-033",
      month        = "Apr",
      year         = "2007",
}

@techreport{Diego08,
      author       = "Mart\'{\i}nez Santos, D",
      title        = "\Bsmumu in LHCb",
      institution  = "CERN",
      address      = "Geneva",
      number       = "LHCb-2008-018",
      month        = "May",
      year         = "2008",
}

@techreport{Bsmumu-roadmap,
      author       = "Mart\'{\i}nez Santos, Diego and others",
      title        = "Analysis of the Decay \Bsmumu at LHCb",
      institution  = "CERN",
      address      = "Geneva",
      number       = "LHCB-ROADMAP1-001",
      year         = "2009",
}

@misc{Read-cls,
     author    = "A Read",
     title     = "{\em Modified Frequentist Analysis of Search Results (The CL(s) method)}",
     note      = "\href{http://cdsweb.cern.ch/record/451614?ln=en}{CERN Yellow Report 2000-005}, 2000",
}

@Article{Junk_99,
     author    = "Junk, Thomas",
     title     = "Confidence Level Computation for Combining Searches with
                  Small Statistics",
     journal   = "Nucl. Instrum. Meth.",
     volume    = "A434",
     year      = "1999",
     pages     = "435--443",
     eprint    = "hep-ex/9902006",
     archivePrefix = "arXiv",
     doi       = "10.1016/S0168-9002(99)00498-2",
     SLACcitation  = "%%CITATION = HEP-EX/9902006;%%"
}



%%%%%%%%%%%%%%%%%%%%%%%%%%%%%%%%%%%%%%%%%%%%%%%%%%%%%%%%%%%%%%%%
%
%
%          Normalisation
%
%
%%%%%%%%%%%%%%%%%%%%%%%%%%%%%%%%%%%%%%%%%%%%%%%%%%%%%%%%%%%%%%%%


@Article{Louvot08,
     author    = "Louvot, R. and others",
 collaboration = "\belle collaboration",
     title     = "Measurement of the Decay $\PBs \to \PDsminus \Ppiplus$ and
                  Evidence for $\PBs \to \PDsmp \PKpm$ in $\eplus \eminus$
                  Annihilation at $\sqrt{s} \approx 10.87\gev$",
     journal   = "Phys. Rev. Lett.",
     volume    = "102",
     year      = "2009",
     pages     = "021801",
     eprint    = "0809.2526",
     primaryClass  =  "hep-ph",
     archiveURLType = "new",
     archivePrefix = "arXiv",
     doi       = "10.1103/PhysRevLett.102.021801",
     SLACcitation  = "%%CITATION = 0809.2526;%%"
}

@Article{Drutskoy08,
     author    = "Drutskoy, A.",
     title     = "Results and Prospects for \PUpsilonFiveS Running at $B$ Factories",
     year      = "2008",
     eprint    = "0807.3973",
     primaryClass  =  "hep-ph",
     archiveURLType = "new",
     archivePrefix = "arXiv",
     SLACcitation  = "%%CITATION = 0807.3973;%%"
}



%%%%%%%%%%%%%%%%%%%%%%%%%%%%%%%%%%%%%%%%%%%%%%%%%%%%%%%%%%%%%%%%
%
%
%          IT
%
%
%%%%%%%%%%%%%%%%%%%%%%%%%%%%%%%%%%%%%%%%%%%%%%%%%%%%%%%%%%%%%%%%



@techreport{Bettler_IT,
      author       = "Bettler, Marc-Olivier and Conti, G and Voss, H and Gauvin
                      (Gueissaz), N and Frei, R and Esperante Pereira, D and van
                      Hunen, J and Fauland, P",
      title        = "Assembly of the Inner Tracker Detector Boxes",
      institution  = "CERN",
      address      = "Geneva",
      number       = "LHCb-2008-074",
      month        = "Jul",
      year         = "2007",
}

@techreport{test_beam_1,
      author       = "Bauer, C and Glebe, T and Ludwig, A and Pugatch, V and
                      Sanchez, F and Schmelling, M and Lehner, F and Sievers, P
                      and Steinkamp, O and Straumann, U and Vollhardt, A and
                      Ziegler, M",
      title        = "Test Beam Results on Inner Tracker Silicon Prototype
                      Sensors",
      institution  = "CERN",
      address      = "Geneva",
      number       = "LHCb-2001-135",
      month        = "Nov",
      year         = "2001",
}

@techreport{test_beam_2,
      author       = "Agari, M and Bauer, C and Carron, B and Heule, S and
                      Jiménez-Otero, S and Lehner, F and Ludwig, A and Pugatch, V
                      and Schmelling, M and Sievers, P and Steinkamp, O and
                      Straumann, U and Tran, M T and Vollhardt, A and Voss, H",
      title        = "Test Beam Results of Multi-Geometry Prototype Sensors for
                      the LHCb Inner Tracker",
      institution  = "CERN",
      address      = "Geneva",
      number       = "LHCb-2002-058",
      month        = "Nov",
      year         = "2002",
}


@Article{Moll_06,
     author    = "Moll, M.",
 collaboration = "RD50 collaboration",
     title     = "Radiation Tolerant Semiconductor Sensors for Tracking Detectors",
     journal   = "Nucl. Instrum. Meth.",
     volume    = "A565",
     year      = "2006",
     pages     = "202--211",
     doi       = "10.1016/j.nima.2006.05.001",
     SLACcitation  = "%%CITATION = NUIMA,A565,202;%%"
}


@techreport{ITsurvey,
      author       = "Conti, G and Berni, S and Bettler, M O and Blanc, F and
                      Gayde, J C and Lasseur, C and Tan Tran, M",
      title        = "Inner Tracker Survey Strategy",
      institution  = "CERN",
      address      = "Geneva",
      number       = "LHCb-2008-068",
      month        = "Dec",
      year         = "2008",
}

@Misc{thermoswitch,
  author = 	 {N {(Gueissaz) Gauvin} and Marc-Olivier Bettler},
  title = 	 {{\em Qualification of Thermic {C05 06} and Honeywell {2455R} Thermostats for Use in Magnetic Fields}},
  note = 	 {LHCb Technical Note 2009-01-09, EDMS 982702},
}

@Misc{DSS,
  author = 	 {L Roy},
  title = 	 {{\em Detector Safety System of the Inner Tracker Detector}},
  note = 	 {\href{https://edms.cern.ch/document/830675}{EDMS ID 830675}},
}


@Misc{EDMS_369654,
  author = 	 {W Witzeling},
  title = 	 {{\em LHCb Part Identification}},
  note = 	 {\href{https://edms.cern.ch/document/369654}{EDMS ID 369654}},
}

@Misc{EDMS_373611,
  author = 	 {W Witzeling},
  title = 	 {{\em LHCb Institutes Codes}},
  note = 	 {\href{https://edms.cern.ch/document/373611}{EDMS ID 373611}},
}

@Misc{EDMS_373610,
  author = 	 {W Witzeling},
  title = 	 {{\em System and Sub-system Codes}},
  note = 	 {\href{https://edms.cern.ch/document/373610}{EDMS ID 373610}},
}

@Misc{EDMS_TRT,
  author = 	 {M Capeans, R Chritin and F Perez},
  title = 	 {{\em Tightness Specifications and Test Procedure for the Final Connections of the Cooling and Active Gas Circuits of the ATLAS TRT Detector}},
  note = 	 {EDMS ID 681672}
}

@techreport{RMS,
      author       = "Agari, M and others",
      title        = "Radiation Monitoring System for the LHCb Inner Tracker",
      institution  = "CERN",
      address      = "Geneva",
      number       = "LHCb-2007-062",
      year         = "2007",
}

@Article{IT_prod,
     author    = "Bernhard, R. P. and others",
     title     = "The LHCb Silicon Tracker",
     journal   = "Nucl. Instrum. Meth.",
     volume    = "A596",
     year      = "2008",
     pages     = "17--20",
     doi       = "10.1016/j.nima.2008.07.124",
     SLACcitation  = "%%CITATION = NUIMA,A596,17;%%",
     note      = "\href{http://cdsweb.cern.ch/search?ln=en&p=CERN-LHCb-2007-126&f=reportnumber}{CERN Report LHCb-2007-126}",
}

@Article{TELL1,
     author    = "Haefeli, G. and others",
     title     = "The LHCb DAQ Interface Board TELL1",
     journal   = "Nucl. Instrum. Meth.",
     volume    = "A560",
     year      = "2006",
     pages     = "494--502",
     doi       = "10.1016/j.nima.2005.12.212",
     SLACcitation  = "%%CITATION = NUIMA,A560,494;%%"
}

@article{__ODIN,
      author       = "Jacobsson, R and K{\"o}nig, P and Chlopik, A and Guzik, Z",
      title        = "{{\href{http://cdsweb.cern.ch/record/619217/files/p371.pdf}{{\em The Final LHCb Readout Supervisor ODIN}}}}",
      year         = "2002",
      note      = "8$^{\rm th}$ Workshop on Electronics for LHC Experiments, Colmar, France",
}

@misc{ODIN,
      author       = "Jacobsson, R and K{\"o}nig, P and Chlopik, A and Guzik, Z",
      note         = "\href{http://cdsweb.cern.ch/record/619217/files/p371.pdf}{{\em The Final LHCb Readout Supervisor ODIN}}, (2002), 8$^{\rm th}$ Workshop on Electronics for LHC Experiments, Colmar, France",
}

@techreport{Commissioning,
      author       = "Voss, H and others",
      title        = "Production, Commissioning and First Data of the LHCb Silicon Tracker",
      institution  = "CERN",
      address      = "Geneva",
      number       = "LHCb-2008-062",
      month        = "Apr",
      year         = "2008",
}

@phdthesis{DigiBoard,
      author       = "Vollhardt, A",
      title        = "An Optical Readout System for the LHCb Silicon Tracker",
      school       = "Univ. Zurich",
      address      = "Zürich",
      year         = "2005",
      note         = "\href{http://cdsweb.cern.ch/record/836184/files/thesis-2005-025.pdf}{CERN-THESIS-2005-025}",
}

@techreport{ControlBoard,
      author       = "Esperante Pereira, D and Vollhardt, A",
      title        = "Design and development of the Control Board for the LHCb
                      Silicon Tracker",
      institution  = "CERN",
      address      = "Geneva",
      number       = "LHCb-2007-153",
      month        = "Jan",
      year         = "2008",
}

@Article{__ITtesting,
     author    = "Vazquez Regueiro, Pablo and Esperante Pereira, D. and Voss, H and Nicolas, L",
     title     = "{\href{http://cdsweb.cern.ch/record/1034350/files/p539.pdf}{{{\em Setup for Testing LHCb Inner Tracker Modules}}}}",
     note      = "{Prepared for 12$^{\rm th}$ Workshop on Electronics for LHC and Future Experiments (LECC 2006), Valencia, Spain, 25-29 Sep 2006}"
}

@misc{ITtesting,
     author    = "Vazquez Regueiro, Pablo and Esperante Pereira, D. and Voss, H and Nicolas, L",
     note      = "\href{http://cdsweb.cern.ch/record/1034350/files/p539.pdf}{{\em Setup for Testing LHCb Inner Tracker Modules}}, Prepared for 12$^{\rm th}$ Workshop on Electronics for LHC and Future Experiments (LECC 2006), Valencia, Spain, 25-29 Sep 2006",
}

@Misc{A1511,
  author = 	 {{CAEN}},
  title = 	 {{\href{http://www.caen.it/nuclear/products.php}{{\em Technical Information Manual Mod A1511B}}}},
}

@Misc{SY1527,
  author = 	 {{CAEN}},
  title = 	 {{\href{http://www.caen.it/nuclear/products.php}{{\em SY1527 Universal Multichannel Power Supply System}}}},
}

@Misc{Maraton,
  author = 	 {{WIENER}},
  title = 	 {{\href{http://www.wiener-d.com/products/22/79.html}{{\em MARATON Power Supply System: Technical Manual}}}},
}

%%%%%%%%%%%%%%%%%%%%%%%%%%%%%%%%%%%%%%%%%%%%%%%%%%%%%%%%%%%%%%%%
%
%
%          NOT USED (YET?)
%
%
%%%%%%%%%%%%%%%%%%%%%%%%%%%%%%%%%%%%%%%%%%%%%%%%%%%%%%%%%%%%%%%%

@Article{ZRes06,
     author    = "Barate, R. and others",
 collaboration = "ALEPH, DELPHI, L3, OPAL, SLD collaborations",
     title     = "Precision electroweak measurements on the \PZ resonance",
     journal   = "Phys. Rept.",
     volume    = "427",
     year      = "2006",
     pages     = "257",
     eprint    = "hep-ex/0509008",
     archivePrefix = "arXiv",
     doi       = "10.1016/j.physrep.2005.12.006",
     SLACcitation  = "%%CITATION = HEP-EX/0509008;%%"
}

@Article{Barate03,
     author    = "Barate, R. and others",
 collaboration = "LEP Working Group for Higgs Boson Searches",
     title     = "Search for the Standard Model Higgs Boson at LEP",
     journal   = "Phys. Lett.",
     volume    = "B565",
     year      = "2003",
     pages     = "61-75",
     eprint    = "hep-ex/0306033",
     archivePrefix = "arXiv",
     doi       = "10.1016/S0370-2693(03)00614-2",
     SLACcitation  = "%%CITATION = HEP-EX/0306033;%%"
}

@Article{btosgamma_experiments-1,
  title = {Branching Fraction and Photon Energy Spectrum for $b \to  s \gamma$},
  author = {S. Chen and others },
  collaboration = "CLEO collaboration",
  journal = {Phys. Rev. Lett.},
  volume = {87},
  number = {25},
  pages = {251807},
  numpages = {5},
  year = {2001},
  month = {Dec},
  doi = {10.1103/PhysRevLett.87.251807},
  publisher = {American Physical Society}
}



@Article{btosgamma_theory,
  title = {Present Status of Inclusive Rare $B$ Decays},
  author = {Tobias Hurth},
  journal = {Rev. Mod. Phys.},
  volume = {75},
  number = {4},
  pages = {1159--1199},
  numpages = {40},
  year = {2003},
  month = {Oct},
  publisher = {American Physical Society},
}

@Article{g-2_experiment,
  title = {Measurement of the Negative Muon Anomalous Magnetic Moment to 0.7 ppm},
  author = { G. W.  Bennett and others },
collaboration = "Muon $g-2$ collaboration",
  journal = {Phys. Rev. Lett.},
  volume = {92},
  number = {16},
  pages = {161802},
  numpages = {5},
  year = {2004},
  month = {Apr},
  doi = {10.1103/PhysRevLett.92.161802},
  publisher = {American Physical Society}
}

@Article{,
  author = 	 {M   Davier and S   Eidelman and A   H\"ocker and Z  Zhang},
  title = 	 {Updated Estimate of the Muon Magnetic Moment Using Revised Results from $e^+ e^-$ Annihilation},
  journal = 	 {Eur.\ Phys.\ J.},
  year = 	 {2003},
  OPTkey = 	 {},
  OPTvolume = 	 {C31},
  OPTnumber = 	 {},
  OPTpages = 	 {503--510},
  OPTmonth = 	 {},
  OPTnote = 	 {},
  OPTannote = 	 {}
}

% 
% \bibitem{g-2_analysis} %5
% J.P.\ Miller, E.\ de Rafael and B.\ Lee Roberts, arXiv:0703.049 (2007); \newline
% 
% % URL = http://arXiv.org/abs/hep-ph/0308213
% % URL = http://dx.doi.org/10.1140/epjc/s2003-01362-6
% 
% \bibitem{Higgs_LEP} %6
% LEP Higgs working group for Higgs boson searches, ALEPH, DELPHI, L3 and OPAL Col
% laborations, 
% Phys.\ Lett.\ {\bf B565} (2003) 61-75.
% 
% \bibitem{Bsmumu_BSM} %7
% A.\ Dedes, H.K.\ Dreiner and U.\ Nierste, Phys.\ Rev.\ Lett.\ {\bf 87} (2001) 25
% 1804; \newline
% C.\ Huang, L.\ Wei, Q.\ Yan and S.\ Zhy, Phys.\ Rev.\ {\bf D63} (2001) 114021.
% 
% \bibitem{Tevatron_limit} %8
% T.\ Aaltonen and others [CDF collaboration], 
% % ``Search for $B^0_s \to \mu^+\mu^-$ and $B^0 \to \mu^+\mu^-$ decays with $\rm 2~fb^{-1}$
% % of $p\bar{p}$ collisions'', 
% Phys.\ Rev.\ Lett.\ {\bf 100} (2008) 101802; \newline
% % BR(Bs -> mumu) < 5.8e-8 at 95% CL, or 4.7e-8 at 90% CL
% % URL = http://arxiv.org/abs/0712.1708
% % URL = http://link.aip.org/link/?prl/100/101802/1
% D\O\ collaboration, 
% % ``A new upper limit for the rare decay  $B^0_s \to \mu^+\mu^-$ 
% % using $2 \rm fb^{-1}$ of Run II data'', 
% D\O\ note 5344-CONF (2007).
% % URL = http://www-d0.fnal.gov/Run2Physics/WWW/results/prelim/B/B48/
% 
% %%%% Below is old: 
% %%%% B.\ Aubert and others [D\O\ collaboration],
% %%%% \url{http://www-d0.fnal.gov/Run2Physics/WWW/results/b.htm}; \newline
% %%%% A.\ Abulencia and others [CDF collaboration], CDF note 8176, 
% %%%% \url{http://www-cdf.fnal.gov/physics/new/bottom/060316.blessed-bsmumu3}. % 
% Mar 16, 2006, 780 pb-1
%

% \bibitem{SM_prediction} %9
% M.\ Blanke, A.J.\ Buras, D.\ Guadagnoli and C.\ Tarantino, 
% % ``Minimal flavour violation waiting for precise measurements of 
% % $\Delta M_s$, $S_{\psi\phi}$, $A^s_{\rm SL}$, $|V_{ub}|$, $\gamma$
% % and $B^0_{s,d} \to \mu^+ \mu^-$'',
% arXiv:hep-ph/0604057 (2006).
% % URL = http://arxiv.org/abs/hep-ph/0604057
% 
% %%% A. J. Buras, Phys. Lett. B 566, 115 (2003): BR = (3.42�0.54)e-9 
% %%% G. Buchalla and A. J. Buras, Nucl. Phys. B400, 225 (1993)
% 
% \bibitem{CDF_dms} %10
% A.\ Abulencia {\it et al} [CDF collaboration], Phys.\ Rev.\ Lett.\ {\bf 97} (200
% 6) 242003.
% % URL = link.aps.org/doi/10.1103/PhysRevLett.97.242003
% 
% \bibitem{MSSM} %11
% S.R.\ Choudhury and N.\ Gaur, 
% % ``Dileptonic decay of $B_s$ meson in SUSY models with large $\tan\beta$'', 
% % Phys.\ Lett.\ B 451 (1999) 86--92. 
% Phys.\ Lett.\ {\bf B451} (1999) 86; \newline 
% C.S.\ Huang, W.\ Liao, Q.S.\ Yan and S.H.\ Zhu, Phys.\ Rev.\ {\bf D63} (2001) 11
% 4021; \newline 
% P.H.\ Chankowski and L.\ Slawianowska, Phys.\ Rev.\ {\bf D63} (2001) 054012; \ne
% wline
% K.S.\ Babu and C.F.\ Kolda, Phys.\ Rev.\ Lett.\ {\bf 84} (2000) 228; \newline
% C.\ Bobeth, T.\ Ewerth, F.\ Kruger and J.\ Urban, Phys.\ Rev.\ {\bf D64} (2001) 
% 070414.
% 
% \bibitem{LHCb_2007-033_Bsmumu} %12
% D.\ Martinez, J.A.\ Hernando and F.\ Teubert, LHCb note 2007-033 (2007).
% 
% %%% \bibitem{LHCb_note_2008-018}
% %%% D.\ Martinez, 
% %%% ``$B^0_s \to \mu^+\mu^-$ in LHCb'', 
% %%% LHCb public note 2008-018, May 2008. 
% 
% \bibitem{Ellis_NUHM} %13
% J.\ Ellis, T.\ Hahn, S.\ Heinemeyer, K.A.\ Olive and G.\ Weiglein, 
% % ``WMAP-compliant benchmark surfaces for MSSM Higgs bosons'', 
% arXiv:0709.0098 [hep-ph] (2007).
% % URL = http://arxiv.org/abs/0709.0098
% 
% %%% J.\ Ellis, J.S.\ Lee and A.\ Pilaftsis, 
% %%% ``$B$-meson observables in the maximally CP-violating MSSM with Minimal Flav
% our Violation'', 
% %%% arXiv:0708.2079v4 [hep-ph], September 2008.
% 
% %\bibitem{Miller_deRafael_LeeRoberts} %14
% %J.P.\ Miller, E.\ de Rafael and B.\ Lee Roberts, arXiv:0703.049 (2007).
% %\marginpar{???}
% 
% \bibitem{PYTHIA} %14
% T.\ Sj\"{o}strand and others, Comp.\ Phys.\ Comm.\ {\bf 135} (2001) 238; \newl
% ine 
% \url{http://www.thep.lu.se/~torbjorn/Pythia.html}
% 
% \bibitem{EVTGEN} %15
% D.J.\ Lange, Nucl.\ Instrum.\ Methods {\bf A462} (2001) 152; \newline
% \url{http://www.slac.stanford.edu/~lange/EvtGen/}
% 
% \bibitem{LHCb_2003-113_Bc} %16
% O.P.\ Yushchenko, LHCb note 2003-113 (2003) and references therein.
% 


\bibitem{HLT1-MUON} %18
S.\ Amato, A.\ Satta, B.\ Souza de Paula and L.\ de Paula, LHCb note 2008-0xx (2
008).




% \bibitem{TIS_TOS} %20
% T.\ Skwarnicki, LHCb note 2009-xxx in preparation, see \newline
% \url{https://twiki.cern.ch/twiki/bin/view/LHCb/TriggerTisTos}
% %\marginpar{LHCb note ?}
% 
% %\bibitem{LHCb_2006-046_trigsyst} %21
% %B.\ Souza de Paula, LHCb internal note 2006-046 (2006).
% %\marginpar{internal !}
% 
% \bibitem{PID_note} %21
% PID calibration note ???
% \marginpar{xxx}
% 
% \bibitem{Crystal_Ball} %22
% J.E.\ Gaiser, PhD thesis, SLAC-R-255 (1982).
% 
% \bibitem{muonID} %23
% E.\ Polycarpo and M.\ Gandelman, LHCb note 2007-145 (2007).
% 
% \bibitem{DLL_studies} %24
% Jose/Xabier/Gaia/Miriam/Erica
% \marginpar{xxx}
% 
% \bibitem{DLL_calibration} %25
% Gaia/Alessio
% \marginpar{xxx}
% 
% \bibitem{HFAG_fractions} %26
% The ratio $f_{\Bs}/f_{\Bu}$ 
% quoted here has been computed from the results given 
% in the last column of Table~4 of Ref.~\cite{HFAG}.
% 


@Article{CDF-fractions,
     author    = "T.  Aaltonen and others",
 collaboration = "CDF collaboration",
     title     = "Measurement of Ratios of Fragmentation Fractions for
                  Bottom Hadrons in $p \bar{p}$ Collisions at $\sqrt{s}=1.96\tev$",
     journal   = "Phys. Rev.",
     volume    = "D77",
     year      = "2008",
     pages     = "072003",
     eprint    = "0801.4375",
     primaryClass  =  "hep-ph",
     archiveURLType = "new",
     archivePrefix = "arXiv",
     doi       = "10.1103/PhysRevD.77.072003",
     SLACcitation  = "%%CITATION = 0801.4375;%%",
}
note = "the value quoted here has been derived from the CDF measurement of 
$f_{\Bs}/(f_{\Bd}+f_{\Bu})$, assuming $f_{\Bd}=f_{\Bu}$ 
in agreement with CDF's measurement of $f_{\Bu}/f_{\Bd}$."


% \bibitem{Belle_Louvot} %28
% R.\ Louvot and others (Belle collaboration), 
% % ``Measurement of the decay $B_s^0 \to D_s^- \pi^+$ and evidence for 
% % $B_s^0 \to D_s^{\mp} K^{\pm}$ in $e^+e^-$ annihilation at $\sqrt{s}\sim 10.87$
% ~GeV'', 
% arXiv:0809.2526 [hep-ex] (2008). % September 2008.
% 
% \bibitem{Belle_Drutskoy} %29
% A.\ Drutskoy and others (Belle collaboration),
% % ``Measurement of inclusive $D_s$, $D^0$ and $J/\psi$ rates and determination o
% f the 
% % $B_s^{(*)} \bar{B}_s^{(*)}$ production fraction in $b\bar{b}$ events at the 
% % $\Upsilon(5S)$ resonance'', 
% Phys.\ Rev.\ Lett.\ {\bf 98} (2007) 052001.
% 
% \bibitem{Drutskoy} %30
% A.\ Drutskoy, 
% % ``Results and prospects for $\Upsilon(5S)$ running at $B$-factories'', 
% arXiv:0807.3973 [hep-ex] (2008). % July 2008. 
% 




%%%%%%%%%% theory


@Article{Assamagan95,
     author    = "Assamagan, K. and others",
     title     = "Upper Limit of the Muon-Neutrino Mass and Charged Pion
                  Mass from Momentum Analysis of a Surface Muon Beam",
     journal   = "Phys. Rev.",
     volume    = "D53",
     year      = "1996",
     pages     = "6065--6077",
     doi       = "10.1103/PhysRevD.53.6065",
     SLACcitation  = "%%CITATION = PHRVA,D53,6065;%%"
}

@Article{Barate97,
     author    = "Barate, R. and others",
 collaboration = "ALEPH",
     title     = "An Upper Limit on the Tau Neutrino Mass from Three- and
                  Five-Prong  Tau Decays",
     journal   = "Eur. Phys. J.",
     volume    = "C2",
     year      = "1998",
     pages     = "395-406",
     doi       = "10.1007/s100520050149",
     SLACcitation  = "%%CITATION = EPHJA,C2,395;%%"
}

@Article{Springer87,
     author    = "Springer, P. T. and Bennett, C. L. and Baisden, P. A.",
     title     = "Measurement of the Neutrino Mass Using the Inner
                  Bremsstrahlung Emitted in the Electron-Capture Decay of
                  $^{163}$Ho",
     journal   = "Phys. Rev.",
     volume    = "A35",
     year      = "1987",
     pages     = "679",
     doi       = "10.1103/PhysRevA.35.679",
     SLACcitation  = "%%CITATION = PHRVA,A35,679;%%"
}




%Bsmumu theo


@Article{Aubert07,
     author    = "Aubert, B. and others",
 collaboration = "\babar collaboration",
     title     = "Search for Decays of $B^0 \to$ Mesons into $e^{+} e^{-}$, $\mu^{+} \mu^{-}$, and $e^\pm \mu^\mp$ Final States",
     journal   = "Phys. Rev.",
     volume    = "D77",
     year      = "2008",
     pages     = "032007",
     eprint    = "0712.1516",
     primaryClass  =  "hep-ph",
     archiveURLType = "new",
     archivePrefix = "arXiv",
     doi       = "10.1103/PhysRevD.77.032007",
     SLACcitation  = "%%CITATION = 0712.1516;%%"
}


@Article{Beneke_01,
     author    = "Beneke, M. and Buchalla, G. and Neubert, M. and Sachrajda, C.",
     title     = "QCD Factorization in $B \to \pi K, \pi \pi$ Decays and Extraction of Wolfenstein Parameters",
     journal   = "Nucl. Phys.",
     volume    = "B606",
     year      = "2001",
     pages     = "245--321",
     eprint    = "hep-ph/0104110",
     archivePrefix = "arXiv",
     doi       = "10.1016/S0550-3213(01)00251-6",
     SLACcitation  = "%%CITATION = HEP-PH/0104110;%%"
}




@Article{Alok05,
     author    = "Alok, A. and Sankar, S.",
     title     = "New Physics Upper Bound on the Branching Ratio of $B_s \to \ell^{+} \ell^{-}$",
     journal   = "Phys. Lett.",
     volume    = "B620",
     year      = "2005",
     pages     = "61--68",
     eprint    = "hep-ph/0502120",
     archivePrefix = "arXiv",
     doi       = "10.1016/j.physletb.2005.06.005",
     SLACcitation  = "%%CITATION = HEP-PH/0502120;%%"
}

@techreport{ATLAS_mumu,
     author    = "Sivoklokov, S. and others",
     collaboration = "ATLAS collaboration",
     title     = "Study of the Rare Decay $B^0_s \to \mu^+ \mu^-$ in ATLAS",
     number     = "ATL-PHYS-PUB-2009-051",
     institution= "CERN",
}



This article (Alok08_Higgs) explain how NP can be tested in case the BR is found to be compatible with SM, using A_FL observable
@Article{Alok08_Higgs,
     author    = "Alok, Ashutosh Kumar and Dighe, Amol and Sankar, S. Uma",
     title     = "Probing Extended Higgs Sector Through Rare $b \to s \mu^{+} \mu^{-}$ Transitions",
     journal   = "Phys. Rev.",
     volume    = "D78",
     year      = "2008",
     pages     = "034020",
     eprint    = "0805.0354",
     primaryClass  =  "hep-ph",
     archiveURLType = "new",
     archivePrefix = "arXiv",
     doi       = "10.1103/PhysRevD.78.034020",
     SLACcitation  = "%%CITATION = 0805.0354;%%"
}


@Article{BsmumuMSSM,
  title = {$B_{d,s} \to \mu^- \mu^+$ Decay in the MSSM},
  author = {Chankowski, Piotr H. and S\lawianowska, \Lucja },
  journal = {Phys. Rev. D},
  volume = {63},
  number = {5},
  pages = {054012},
  numpages = {12},
  year = {2001},
  month = {Feb},
  doi = {10.1103/PhysRevD.63.054012},
  publisher = {American Physical Society}
}

@Article{Buras02,
     author    = "Buras, Andrzej J. and Chankowski, Piotr H. and Rosiek,
                  Janusz and S\lawianowska, \Lucja",
     title     = "Correlation Between $\Delta M_s$ and $B^0_{(s,d)} \to \mu^{+} \mu^{-}$ in Supersymmetry at Large $\tan \beta$",
     journal   = "Phys. Lett.",
     volume    = "B546",
     year      = "2002",
     pages     = "96-107",
     eprint    = "hep-ph/0207241",
     archivePrefix = "arXiv",
     doi       = "10.1016/S0370-2693(02)02639-4",
     SLACcitation  = "%%CITATION = HEP-PH/0207241;%%"
}


%%% ED



%% FIN ED


@Article{Hall_81,
     author    = "Hall, Lawrence J. and Wise, Mark B.",
     title     = "Flavor Changing Higgs -- Boson Couplings",
     journal   = "Nucl. Phys.",
     volume    = "B187",
     year      = "1981",
     pages     = "397--408",
     doi       = "10.1016/0550-3213(81)90469-7",
     SLACcitation  = "%%CITATION = NUPHA,B187,397;%%"
}


@Article{NUHM_basepaper,
     author    = "Ellis, John R. and Falk, Toby and Olive, Keith A. and
                  Santoso, Yudi",
     title     = "Exploration of the MSSM with Non-Universal Higgs Masses",
     journal   = "Nucl. Phys.",
     volume    = "B652",
     year      = "2003",
     pages     = "259-347",
     eprint    = "hep-ph/0210205",
     archivePrefix = "arXiv",
     doi       = "10.1016/S0550-3213(02)01144-6",
     SLACcitation  = "%%CITATION = HEP-PH/0210205;%%"
}




%% NUHM

@Article{Ellis84,
     author    = "Ellis, John R. and Hagelin, J. S. and Nanopoulos, Dimitri
                  V. and Olive, Keith A. and Srednicki, M.",
     title     = "Supersymmetric Relics from the Big Bang",
     journal   = "Nucl. Phys.",
     volume    = "B238",
     year      = "1984",
     pages     = "453--476",
     doi       = "10.1016/0550-3213(84)90461-9",
     SLACcitation  = "%%CITATION = NUPHA,B238,453;%%"
}



%%%  sugra mediated SSB

@Article{Hall83,
     author    = "Hall, Lawrence J. and Lykken, Joseph D. and Weinberg,
                  Steven",
     title     = "Supergravity as the Messenger of Supersymmetry Breaking",
     journal   = "Phys. Rev.",
     volume    = "D27",
     year      = "1983",
     pages     = "2359-2378",
     doi       = "10.1103/PhysRevD.27.2359",
     SLACcitation  = "%%CITATION = PHRVA,D27,2359;%%"
}

@Article{Barbieri82,
     author    = "Barbieri, Riccardo and Ferrara, S. and Savoy, Carlos",
     title     = "Gauge Models with Spontaneously Broken Local Supersymmetry",
     journal   = "Phys. Lett.",
     volume    = "B119",
     year      = "1982",
     pages     = "343",
     doi       = "10.1016/0370-2693(82)90685-2",
     SLACcitation  = "%%CITATION = PHLTA,B119,343;%%"
}

Review
@Article{Nilles83,
     author    = "Nilles, Hans Peter",
     title     = "Supersymmetry, Supergravity and Particle Physics",
     journal   = "Phys. Rept.",
     volume    = "110",
     year      = "1984",
     pages     = "1--162",
     doi       = "10.1016/0370-1573(84)90008-5",
     SLACcitation  = "%%CITATION = PRPLC,110,1;%%"
}

@Article{Baek02,
     author    = "Baek, Seungwon and Ko, P. and Song, Wan Young",
     title     = "SUSY Breaking Mediation Mechanisms and $(g-2)_{\mu}$, $B \to X_{s} \gamma$, $B \to X_{s} \ell^{+} \ell^{-}$ and $B_s \to \mu^{+} \mu^{-}$",
     journal   = "JHEP",
     volume    = "03",
     year      = "2003",
     pages     = "054",
     eprint    = "hep-ph/0208112",
     archivePrefix = "arXiv",
     SLACcitation  = "%%CITATION = HEP-PH/0208112;%%"
}

%%%FIN  sugra mediated SSB



%%% FIN AMSB

%%% GUT
@Article{Dutta09,
     author    = "Dutta, Bhaskar and Mimura, Yukihiro",
     title     = "Penguin Contribution to the Phase of $B_s-\bar{B}_s$
                  Mixing and $B_s \to \mu \mu$ in Grand Unified Theories",
     journal   = "Phys. Lett.",
     volume    = "B677",
     year      = "2009",
     pages     = "164-171",
     eprint    = "0902.0016",
     primaryClass  =  "hep-ph",
     archiveURLType = "new",
     archivePrefix = "arXiv",
     doi       = "10.1016/j.physletb.2009.05.026",
     SLACcitation  = "%%CITATION = 0902.0016;%%"
}
%%% FIN GUT



%% RPV
@Article{Barbier05,
     author    = "Barbier, R. and others",
     title     = "\mcal{R}-Parity Violating Supersymmetry",
     journal   = "Phys. Rept.",
     volume    = "420",
     year      = "2005",
     pages     = "1-202",
     eprint    = "hep-ph/0406039",
     archivePrefix = "arXiv",
     doi       = "10.1016/j.physrep.2005.08.006",
     SLACcitation  = "%%CITATION = HEP-PH/0406039;%%"
}

@Article{SNO_pn,
  title = {Constraints on Nucleon Decay via Invisible Modes from the Sudbury Neutrino Observatory},
  author = {Ahmed, S. N. and Anthony, A. E. and Beier, E. W. and Bellerive, A.  and Biller, S. D. and Boger, J.  and Boulay, M. G. and Bowler, M. G. and Bowles, T. J. and Brice, S. J. and Bullard, T. V. and Chan, Y. D. and Chen, M.  and Chen, X.  and Cleveland, B. T. and Cox, G. A. and Dai, X.  and Dalnoki-Veress, F.  and Doe, P. J. and Dosanjh, R. S. and Doucas, G.  and Dragowsky, M. R. and Duba, C. A. and Duncan, F. A. and Dunford, M.  and Dunmore, J. A. and Earle, E. D.},
  journal = {Phys. Rev. Lett.},
  volume = {92},
  number = {10},
  pages = {102004},
  numpages = {4},
  year = {2004},
  month = {Mar},
     eprint    = "hep-ex/0310030",
     archivePrefix = "arXiv",
  doi = {10.1103/PhysRevLett.92.102004},
  publisher = {American Physical Society}
}


%% FIN RPV

%% ED applied

@Article{Rizzo06,
     author    = "Rizzo, Thomas G.",
     title     = "\PZprime Phenomenology and the LHC",
     year      = "2006",
     eprint    = "hep-ph/0610104",
     archivePrefix = "arXiv",
     note      = "SLAC-PUB-12129",
     SLACcitation  = "%%CITATION = HEP-PH/0610104;%%"
}

@Article{Blanke07,
     author    = "Blanke, Monika and others",
     title     = "Rare and \mcal{CP}-Violating $K$ and $B$ Decays in the Littlest  Higgs Model with \mcal{T}-Parity",
     journal   = "JHEP",
     volume    = "01",
     year      = "2007",
     pages     = "066",
     eprint    = "hep-ph/0610298",
     archivePrefix = "arXiv",
     SLACcitation  = "%%CITATION = HEP-PH/0610298;%%"
}

@Article{Langacker00,
     author    = "Langacker, Paul and Plumacher, Michael",
     title     = "Flavor Changing Effects in Theories with a Heavy
                  $Z^\prime$ Boson with Family Nonuniversal Couplings",
     journal   = "Phys. Rev.",
     volume    = "D62",
     year      = "2000",
     pages     = "013006",
     eprint    = "hep-ph/0001204",
     archivePrefix = "arXiv",
     doi       = "10.1103/PhysRevD.62.013006",
     SLACcitation  = "%%CITATION = HEP-PH/0001204;%%"
}

@Article{Cheung07,
     author    = "Cheung, Kingman and Chiang, Cheng-Wei and Deshpande, N. G.
                  and Jiang, J.",
     title     = "Constraints on Flavor-Changing \PZprime Models by \PBs Mixing, \PZprime  Production, and \Bsmumu",
     journal   = "Phys. Lett.",
     volume    = "B652",
     year      = "2007",
     pages     = "285-291",
     eprint    = "hep-ph/0604223",
     archivePrefix = "arXiv",
     doi       = "10.1016/j.physletb.2007.07.032",
     SLACcitation  = "%%CITATION = HEP-PH/0604223;%%"
}

@Article{Gabadadze03,
     author    = "Gabadadze, Gregory",
     title     = "ICTP Lectures on Large Extra Dimensions",
     year      = "2003",
     eprint    = "hep-ph/0308112",
     archivePrefix = "arXiv",
     SLACcitation  = "%%CITATION = HEP-PH/0308112;%%",
     note = "CERN TH/2003-157",
}

@Article{ADD99,
     author    = "Arkani-Hamed, Nima and Dimopoulos, Savas and Dvali, G. R.",
     title     = "The Hierarchy Problem and New Dimensions at a Millimeter",
     journal   = "Phys. Lett.",
     volume    = "B429",
     year      = "1998",
     pages     = "263-272",
     eprint    = "hep-ph/9803315",
     archivePrefix = "arXiv",
     doi       = "10.1016/S0370-2693(98)00466-3",
     SLACcitation  = "%%CITATION = HEP-PH/9803315;%%"
}
@Article{RS99,
     author    = "Randall, Lisa and Sundrum, Raman",
     title     = "An Alternative to Compactification",
     journal   = "Phys. Rev. Lett.",
     volume    = "83",
     year      = "1999",
     pages     = "4690-4693",
     eprint    = "hep-th/9906064",
     archivePrefix = "arXiv",
     doi       = "10.1103/PhysRevLett.83.4690",
     SLACcitation  = "%%CITATION = HEP-TH/9906064;%%"
}

@Article{Dvali00,
     author    = "Dvali, G. R. and Gabadadze, Gregory and Porrati, Massimo",
     title     = "$4$D Gravity on a Brane in $5$D Minkowski Space",
     journal   = "Phys. Lett.",
     volume    = "B485",
     year      = "2000",
     pages     = "208-214",
     eprint    = "hep-th/0005016",
     archivePrefix = "arXiv",
     doi       = "10.1016/S0370-2693(00)00669-9",
     SLACcitation  = "%%CITATION = HEP-TH/0005016;%%"
}

@Article{Blanke09_ED,
     author    = "Blanke, Monika and Buras, Andrzej J. and Duling, Bjorn and
                  Gemmler, Katrin and Gori, Stefania",
     title     = "Rare $K$ and $B$ Decays in a Warped Extra Dimension with
                  Custodial Protection",
     journal   = "JHEP",
     volume    = "03",
     year      = "2009",
     pages     = "108",
     eprint    = "0812.3803",
     primaryClass  =  "hep-ph",
     archiveURLType = "new",
     archivePrefix = "arXiv",
     doi       = "10.1088/1126-6708/2009/03/108",
     SLACcitation  = "%%CITATION = 0812.3803;%%"
}

@Article{Bauer_09,
     author    = "Bauer, M. and Casagrande, S. and Haisch, U. and Neubert, M.",
     title     = "Flavor Physics in the Randall-Sundrum Model: II. Tree-Level Weak-Interaction Processes",
     year      = "2009",
     eprint    = "0912.1625",
     archiveURLType = "new",
     archivePrefix = "arXiv",
     primaryClass  =  "hep-ph",
     SLACcitation  = "%%CITATION = 0912.1625;%%"
}

@Article{Albrecht09,
     author    = "Albrecht, Michaela E. and Blanke, Monika and Buras, Andrzej
                  J. and Duling, Bjorn and Gemmler, Katrin",
     title     = "Electroweak and Flavour Structure of a Warped Extra
                  Dimension with Custodial Protection",
     year      = "2009",
     eprint    = "0903.2415",
     primaryClass  =  "hep-ph",
     archiveURLType = "new",
     archivePrefix = "arXiv",
     SLACcitation  = "%%CITATION = 0903.2415;%%"
}

%% FIN ED applied

%% TC applied

@Article{Gudnason06,
     author    = "Gudnason, Sven Bjarke and Kouvaris, Chris and Sannino,
                  Francesco",
     title     = "Dark Matter from New Technicolor Theories",
     journal   = "Phys. Rev.",
     volume    = "D74",
     year      = "2006",
     pages     = "095008",
     eprint    = "hep-ph/0608055",
     archivePrefix = "arXiv",
     doi       = "10.1103/PhysRevD.74.095008",
     SLACcitation  = "%%CITATION = HEP-PH/0608055;%%"
}

@Article{Hill96,
     author    = "Hill, Christopher T.",
     title     = "Topcolor",
     year      = "1996",
     eprint    = "hep-ph/9702320",
     archivePrefix = "arXiv",
     SLACcitation  = "%%CITATION = HEP-PH/9702320;%%"
}
@Article{Cvetic97,
     author    = "Cvetic, G.",
     title     = "Top Quark Condensation",
     journal   = "Rev. Mod. Phys.",
     volume    = "71",
     year      = "1999",
     pages     = "513-574",
     eprint    = "hep-ph/9702381",
     archivePrefix = "arXiv",
     doi       = "10.1103/RevModPhys.71.513",
     SLACcitation  = "%%CITATION = HEP-PH/9702381;%%"
}
@Article{Hill95,
     author    = "Hill, Christopher T.",
     title     = "Topcolor Assisted Technicolor",
     journal   = "Phys. Lett.",
     volume    = "B345",
     year      = "1995",
     pages     = "483-489",
     eprint    = "hep-ph/9411426",
     archivePrefix = "arXiv",
     doi       = "10.1016/0370-2693(94)01660-5",
     SLACcitation  = "%%CITATION = HEP-PH/9411426;%%"
}

@Article{Lane98,
     author    = "Lane, Kenneth D.",
     title     = "A New model of Topcolor Assisted Technicolor",
     journal   = "Phys. Lett.",
     volume    = "B433",
     year      = "1998",
     pages     = "96-101",
     eprint    = "hep-ph/9805254",
     archivePrefix = "arXiv",
     doi       = "10.1016/S0370-2693(98)00708-4",
     SLACcitation  = "%%CITATION = HEP-PH/9805254;%%"
}


%%%%%%%%%% various


@Article{evtgen,
  author =       {D J Lange},
  journal = 	 {Nucl.\ Instr.\ and Meth.\ A},
  year = 	 {2001},
  volume = 	 {462},
  pages = 	 {152-155},
  title =        {The EvtGen Particle Decay Simulation Package},
}

@Unpublished{lhcb-evtgen-guide,
  author = 	 {A Ryd  and others},
  title = 	 {EvtGen: A Monte Carlo Generator for $B$-Physics},
  note =         {},
  year =         2004,
}

@Article{PDG06,
  author =    {W.-M Yao and others},
collaboration = "Particle Data Group",
  journal =   {J. Phys. G},
  volume =    {33},
  year =      {2006},
  title =       {Review of Particle Physics},
} 

@Article{PDG08,
  author =      {C Amsler and others},
collaboration = "Particle Data Group",
  journal =     {Phys. Lett. B},
  volume =      {667},
  pages =       {1},
  year =        {2008},
  title =       {Review of Particle Physics},   
  doi    =      "10.1016/j.physletb.2008.07.018",
  note  =       "\href{http://pdglive.lbl.gov}{and 2009 partial update for the 2010 edition.}"
} 

@Article{geant3,
  author = 	 {R Brun and others},
  title = 	 {{GEANT 3.21}},
  journal = 	 {CERN Report DD/EE/84-1},
  year = 	 {1984},
}

@Article{argus,
  author =      {H Albrecht and others},
collaboration = "ARGUS collaboration",
  journal =     {Phys. Lett. B},
  volume =      {185},
  pages =       {218},
  year =        {1987},
  title =       {Reconstruction of $B$ mesons},
} 


%%%%%% books


@Book{cottingham-greenwood, 
  author =    {W N Cottingham and D A Greenwood},
  title =     {An Introduction to the Standard Model of Particle Physics}, 
  year =      {1998}, 
  publisher = {Cambridge University Press},
}

@Book{CPviolation, 
  author =    {G C Branco and L Lavoura and J P Silva},
  title =     {\mcal{CP} Violation}, 
  year =      {1999}, 
  publisher = {Oxford University Press},
}

@Book{statistics, 
  author =    {F James},
  title =     {Statistical Methods in Experimental Physics}, 
  year =      {2006}, 
  publisher = {World Scientific Publishing},
}

@Article{cousins,
  author =      {R D Cousins},
  journal =     {Am. J. Phys.},
  volume =      {63},
  pages =       {398},
  year =        {1995},
  title =       {Why Isn't Every Physicist a Bayesian?},
} 



%%%%%%%%  LHCb

@InProceedings{thomas,
  author = 	 {T Schietinger},
  title = 	 {High-Level Trigger Strategy at 1 MHz},
  year = 	 {2005},
  month = 	 {30th November},
  organization = {{LHCb collaboration meeting, CERN}},
}

@Techreport{tuning,
  author =       {N Tuning},
  title =        {Matching VELO Tracks to L0 Objects for L1}, 
  number =       {LHCb-2003-039, 2003}, 
}

@InProceedings{T-Rec,
  author = 	 {N Zwahlen},
  title = 	 {{HLT VeLo track -- L0 Hadron Confirmation Tool}},
  organization = {{LHCb Trigger and Reconstruction Meeting, CERN}},
  year =         {27th March 2006},
}

@InProceedings{T-Rec2,
  author = 	 {N Zwahlen},
  title = 	 {Status of L0 Confirmation (Hadrons and Velo)},
  organization = {{LHCb Trigger and Reconstruction Meeting, CERN}},
  year =         {22nd May 2006},
}

@InProceedings{malcolm,
  author = 	 {M John},
  title = 	 {L0 Confirmation (Hadrons and T)},
  organization = {{LHCb Trigger and Reconstruction Meeting, CERN}},
  year =         {22nd May 2006},
}

@PhdThesis{tilburg,
  author = 	 {J van Tilburg},
  title = 	 {Track Simulation and Reconstruction in LHCb},
  school = 	 {{CERN thesis 2005-040}},
  year = 	 {2005},
}

@InProceedings{jose,
  author = 	 {J Hernando},
  title = 	 {HLT Alleys Implementation},
  organization = {{26th LHCb Software Week, CERN}},
  year =         {27th April 2006},
}





%%%%%%%%%%%%%%%%%  Inner Tracker

@Article{IT-design_prod,
     author    = "M Agari  and others",
     title     = "Design and Production of Detector Modules for the LHCb
                  Silicon Tracker",
     journal   = "Nucl. Instrum. Meth.",
     volume    = "A579",
     year      = "2007",
     pages     = "736-741",
     doi       = "10.1016/j.nima.2007.05.275",
     SLACcitation  = "%%CITATION = NUIMA,A579,736;%%"
}



@Article{IT-st,
     author    = "R. P. Bernhard  and others",
     title     = "The LHCb Silicon Tracker",
     journal   = "Nucl. Instrum. Meth.",
     volume    = "A596",
     year      = "2008",
     pages     = "17-20",
     doi       = "10.1016/j.nima.2008.07.124",
     SLACcitation  = "%%CITATION = NUIMA,A596,17;%%"
}

@Article{IT-prodqual,
     author    = "D.  Volyansky  and others",
     title     = "Production and Quality Assurance of Detector Modules for
                  the LHCb  Silicon Tracker",
     note      = "Prepared for 10th ICATPP Conference on Astroparticle,
                  Particle, Space Physics, Detectors and Medical Physics
                  Applications, Como, Italy, 8-12 Oct 2007"
}

@Article{IT-longladder,
     author    = "Agari, M. and others",
     title     = "Performance of Long Ladders for the LHCb Silicon
                  Tracker",
     journal   = "Nucl. Instrum. Meth.",
     volume    = "A569",
     year      = "2006",
     pages     = "84--87",
     doi       = "10.1016/j.nima.2006.09.018",
     SLACcitation  = "%%CITATION = NUIMA,A569,84;%%"
}

@Article{IT-designperf,
     author    = "Vervink, K. and others",
     title     = "Design and Performance of the LHCb Silicon Tracker",
     journal   = "Nucl. Instrum. Meth.",
     volume    = "A566",
     year      = "2006",
     pages     = "170-173",
     doi       = "10.1016/j.nima.2006.05.120",
     SLACcitation  = "%%CITATION = NUIMA,A566,170;%%"
}




% \bibitem{researchplan}
% {M.-O.\ Bettler},
% \newblock {\em {Research Plan (2006)}}.
% 
% 
% 
% \bibitem{SPS}
% {M.-O. \ Bettler},
% \newblock {\em {The LHCb Inner Tracker}},
% \newblock presented at the SPS annual meeting 20-21 February 2007, Zurich;
% \newblock pdf available at \url{http://lphe.epfl.ch/publications/2007/MOB_SPS.pdf}
% 

%\bibitem{Haefeli:2006cv}
%G.\ Haefeli et~al.,
%\newblock The LHCb DAQ interface board TELL1,
%\newblock {\em Nucl.\ Instrum.\ Meth.} A 560 (2006) 494--502.


%\bibitem{PDG2006}
%{W.-M.\ Yao \textit{ and others})}.
%\newblock {Review of Particle Physics}.
%\newblock {\em {Journal of Physics G: Nucleand Particle Physics}},
%  33:1--1232, 2006.


@Article{Aubert06Kmumu,
     author    = "Aubert, B. and others",
 collaboration = "\babar collaboration",
     title     = "Measurements of Branching Fractions, Rate Asymmetries, and
                  Angular Distributions in the Rare Decays $\PB \to \PK \ell^{+}
                  \ell^{-}$ and $\PB \to \PKstar \ell^{+} \ell^{-}$",
     journal   = "Phys. Rev.",
     volume    = "D73",
     year      = "2006",
     pages     = "092001",
     eprint    = "hep-ex/0604007",
     archivePrefix = "arXiv",
     doi       = "10.1103/PhysRevD.73.092001",
     SLACcitation  = "%%CITATION = HEP-EX/0604007;%%"
}

@Article{Adachi08,
     author    = "Adachi, I. and others",
 collaboration = "\belle collaboration",
     title     = "Measurement of the Differential Branching Fraction and
                  Forward-Backward Asymmetry for $\PB \to \PK \ell^{+} \ell^{-}$",
     year      = "2008",
     eprint    = "0810.0335",
     primaryClass  =  "hep-ph",
     archiveURLType = "new",
     archivePrefix = "arXiv",
     SLACcitation  = "%%CITATION = 0810.0335;%%"
}

@Article{Wei09,
     author    = "Wei, J. -T. and others",
 collaboration = "\belle collaboration",
     title     = "Measurement of the Differential Branching Fraction and
                  Forward-Backward Asymmetry for \decay{\PBzero}{K^{(\ast)} \ell^{+} \ell^{-}}",
     journal   = "Phys. Rev. Lett.",
     volume    = "103",
     year      = "2009",
     pages     = "171801",
     eprint    = "0904.0770",
     archivePrefix = "arXiv",
     primaryClass  =  "hep-ex",
     archiveURLType = "new",
     doi       = "10.1103/PhysRevLett.103.171801",
     SLACcitation  = "%%CITATION = 0904.0770;%%"
}

@Article{Aaltonen08,
     author    = "Aaltonen, T. and others",
 collaboration = "CDF collaboration",
     title     = "Search for the Rare Decays $\PBplus \to \mup \mum \PKplus$, $\PBzero \to \mup \mum K^{*0}(892)$, and $\Bs \to \mup \mum \phi$ at CDF",
     journal   = "Phys. Rev.",
     volume    = "D79",
     year      = "2009",
     pages     = "011104",
     eprint    = "0804.3908",
     primaryClass  =  "hep-ph",
     archiveURLType = "new",
     archivePrefix = "arXiv",
     doi       = "10.1103/PhysRevD.79.011104",
     SLACcitation  = "%%CITATION = 0804.3908;%%"
}


@Article{arXiv:0911.2604,
     author    = "Collaboration, ALEPH and others",
     title     = "{Precision Electroweak Measurements and Constraints on the
                  Standard Model}",
     year      = "2009",
     eprint    = "0911.2604",
     archivePrefix = "arXiv",
     primaryClass  =  "hep-ex",
     archiveURLType = "new",
     SLACcitation  = "%%CITATION = 0911.2604;%%"
}


@Article{Collaboration:2009je,
     author    = "Collaborations",
     title     = "{Combined CDF and D0 Upper Limits on Standard Model Higgs-
                  Boson Production with $2.1 - 5.4 \unit{fb-1}$ of Data}",
     year      = "2009",
     eprint    = "0911.3930",
     archivePrefix = "arXiv",
     primaryClass  =  "hep-ex",
     archiveURLType = "new",
     SLACcitation  = "%%CITATION = 0911.3930;%%"
}



@Article{PhysRevLett.13.321,
  title = {Broken Symmetry and the Mass of Gauge Vector Mesons},
  author = {Englert, F.  and Brout, R. },
  journal = {Phys. Rev. Lett.},
  volume = {13},
  number = {9},
  pages = {321--323},
  numpages = {2},
  year = {1964},
  month = {Aug},
  doi = {10.1103/PhysRevLett.13.321},
  publisher = {American Physical Society}
}




@Article{PhysRev.117.648,
  title = {Quasi-Particles and Gauge Invariance in the Theory of Superconductivity},
  author = {Nambu, Yoichiro },
  journal = {Phys. Rev.},
  volume = {117},
  number = {3},
  pages = {648--663},
  numpages = {15},
  year = {1960},
  month = {Feb},
  doi = {10.1103/PhysRev.117.648},
  publisher = {American Physical Society}
}


@Article{GoldS,
  title = {Quasi-Particles and Gauge Invariance in the Theory of Superconductivity},
  author = {Goldstone, J.},
  journal = {Il Nuovo Cimento},
  volume = {19},
  number = {1},
  pages = {154--164},
  year = {1961},
  month = {Jan},
  doi = {10.1007/BF02812722},
  publisher = {Italian Physical Society}
}




@Article{PhysRev.127.965,
  title = {Broken Symmetries},
  author = {Goldstone, Jeffrey  and Salam, Abdus  and Weinberg, Steven },
  journal = {Phys. Rev.},
  volume = {127},
  number = {3},
  pages = {965--970},
  numpages = {5},
  year = {1962},
  month = {Aug},
  doi = {10.1103/PhysRev.127.965},
  publisher = {American Physical Society}
}













@Article{Noether,
  title = {Invariante Variationsprobleme},
  author = {Noether, E. },
  journal = {Nachr. v. d. Ges. d. Wiss. zu Göttingen 1918},
  pages = {235--257},
  year = {1918}
}





@Article{hambye-1997,
     author    = "Hambye, Thomas and Riesselmann, Kurt",
     title     = "{SM Higgs mass bounds from theory}",
     year      = "1997",
     eprint    = "hep-ph/9708416",
     archivePrefix = "arXiv",
     SLACcitation  = "%%CITATION = HEP-PH/9708416;%%"
}




@ARTICLE{abbiendi-2003-565,
  author = {G. Abbiendi},
  title = {Search for the Standard Model Higgs Boson at LEP},
  journal = {Physics Letters B},
  volume = {565},
  pages = {61},
  url = {doi:10.1016/S0370-2693(03)00614-2},
  year = {2003}
}

@Misc{lepew,
  author = 	 {{The LEP Electroweak Working Group}},
  note = 	 {\href{http://lepewwg.web.cern.ch/}{ \protect{\nolinkurl{http://lepewwg.web.cern.ch/}}}},
}



@Misc{web_tell1,
  author = 	 {{TELL1 Homepage}},
  note =  {\href{http://lphe.epfl.ch/tell1}{ \protect{\nolinkurl{http://lphe.epfl.ch/tell1}}}},
}


@Misc{pvss,
  author = 	 {{PVSS-2 (Prozessvisualisierungs- und Steuerungs-System ) SCADA tool}},
note =  {\href{http://www.pvss.com/}{ \protect{\nolinkurl{http://www.pvss.com/}}}},
}
@Misc{pvss-cern,
  author = 	 {{PVSS Service at CERN}},
note =  {\href{http://itcobe.web.cern.ch/itcobe/Services/Pvss/}{ \protect{\nolinkurl{http://itcobe.web.cern.ch/itcobe/Services/Pvss/}}}},
}

@INPROCEEDINGS{672515,
title={SMI++-object oriented framework for designing control systems},
author={Franek, B. and Gaspar, C.},
booktitle={Nuclear Science Symposium, 1997. IEEE},
year={1997},
month={Nov},
volume={},
number={},
pages={92-96 vol.1},
keywords={computerised control, finite state machines, high energy physics instrumentation computing, object-oriented languages, particle detectors, physical instrumentation controlBabar experiment, CERN, DELPHI experiment, SLAC, SMI++, control systems design, finite state machines, object oriented framework, special language},
doi={10.1109/NSSMIC.1997.672515},
ISSN={}, }


@Misc{sim_web,
  author = 	 {{SMI++ - State Management Interface}},
note =  {\href{http://smi.web.cern.ch/smi/}{ \protect{\nolinkurl{http://smi.web.cern.ch/smi/}}}},
}

@Article{jcop,
  author = 	 "A. Daneels and W. Salter",
  title = 	 "The LHC experiments Joint COntrols Project",
  journal   = "ICALEPCS, Triste",
  year = 	 "1999"

}
@Article{PauNiels,
     author    = "Pauli, W.",
     title     = "Niels Bohr and the Development of Physics",
     journal   = "McGraw Hill Book Company, Inc., New York",
     year      = " 1955"
     SLACcitation  = "%%CITATION = NUIMA,A595,197;%%"
}



W. Pauli, Niels Bohr and the Development of Physics (McGraw Hill Book Company, Inc., New York, 1955), p. 30. 

@Article{Christenson:1964fg,
     author    = "Christenson, J. H. and Cronin, J. W. and Fitch, V. L. and
                  Turlay, R.",
     title     = "Evidence for the 2$\pi$ Decay of the $K_2^0$ Meson",
     journal   = "Phys. Rev. Lett.",
     volume    = "13",
     year      = "1964",
     pages     = "138-140",
     doi       = "10.1103/PhysRevLett.13.138",
     SLACcitation  = "%%CITATION = PRLTA,13,138;%%"
}


@unpublished{Maximilien:1167950,
      author       = "Maximilien Brice",
      title        = "{{LHC Computing Grid Globe into the Computer Center}}",
      month        = "Mar",
      year         = "2009",
}


@phdthesis{Nicolas:1223606,
      author       = "Nicolas, L",
      title        = "Alignment of the LHCb Tracking Stations and Selection of
                      $X(3872)$ and $Z(4430)^{\pm}$ in $pp$ Collisions at 14TeV.",
      school       = "EPFL",
      address      = "Lausanne",
      year         = "2009"
}



@PhdThesis{THESIS-llocat,
  author = 	 {L. Locatelli},
  title = 	 {Direct Search for Higgs Boson in LHCb and Contribution to the Development of the Vertex Detector},
  school = 	 {EPFL n. 3868},
  year = 	 {2007},
  OPTkey = 	 {},
  OPTtype = 	 {},
  OPTaddress = 	 {},
  OPTmonth = 	 {},
  OPTnote = 	 {},
  OPTannote = 	 {}
}



@PhdThesis{THESIS-cCurrat,
  author = 	 {C. Currat},
  title = 	 {Direct search for Higgs boson in LHCb},
  school = 	 {{U}niversit\'e de {L}ausanne, {IPHE}},
  year = 	 {2001},
}
@PhdThesis{Coco:1150113,
      author       = "Coco, Victor",
      title        = "Reconstruction et identification de jets beaux dans
                      l'exp\'erience LHCb en vue d'\'etudier sa sensibilit\'e \`a un
                      boson de Higgs standard se d\'esint\'egrant en paires
                      $b\overline{b}$",
      school       = "Univ. de Savoie",
      address      = "Annecy",
      year         = "2008",
}

@Article{fastjet1,
     author    = "Cacciari, Matteo and Salam, Gavin P.",
     title     = "{Dispelling the $N^{3}$ Myth for the $K_T$ Jet-Finder}",
     journal   = "Phys. Lett.",
     volume    = "B641",
     year      = "2006",
     pages     = "57-61",
     eprint    = "hep-ph/0512210",
     archivePrefix = "arXiv",
     doi       = "10.1016/j.physletb.2006.08.037",
     SLACcitation  = "%%CITATION = HEP-PH/0512210;%%"
}


@Misc{fastjet2,
  author = 	 {{M. Cacciari, G.P. Salam and G. Soyez}},
  title = 	 {{\href{http://fastjet.fr/}{{\protect{\nolinkurl{http://fastjet.fr/}}}}}},
}


@Misc{Altera,
  author = 	 {{Altera web site}}, 
  title = 	 {{\href{http://www.altera.com}{{\protect{\nolinkurl{http://www.altera.com}}}}}},
}

www.altera.com


@PhdThesis{MOB,
      author       = "Bettler, M.-O.",
      title        = "Construction of the Inner Tracker and
                      Sensitivity to the $B^0_s \to \mu\mu$ Decay at LHCb.",
      school       = "EPFL",
      address      = "Lausanne",
      year         = "2010"
}
@Article{Assamagan:2004mu,
     author    = "Assamagan, K. A. and others",
 collaboration = "Higgs Working Group",
     title     = "{The Higgs Working Group: Summary Report 2003}",
     year      = "2004",
     eprint    = "hep-ph/0406152",
     archivePrefix = "arXiv",
     SLACcitation  = "%%CITATION = HEP-PH/0406152;%%"
}





@ARTICLE{hoecker-2007-040,
  author = {A. Hoecker and P. Speckmayer and J. Stelzer and J. Therhaag and E. {von Toerne} and H. Voss and M. Backes and T. Carli and O. Cohen and A. Christov and D. Dannheim and K. Danielowski and S. Henrot-Versille and M. Jachowski and K. Kraszewski and A. {Krasznahorkay Jr} and M. Kruk and Y. Mahalalel and R. Ospanov and X. Prudent and A. Robert and D. Schouten and F. Tegenfeldt and A. Voigt and K. Voss and M. Wolter and A. Zemla},
  title = {TMVA - Toolkit for Multivariate Data Analysis},
    eprint    = "physics/0703039",
     archivePrefix = "arXiv",
  year = {2007}
}



@PhdThesis{guido,
      author       = "Haefeli, G",
      title        = "Contribution to the Development of the Acquisition Electronics for the LHCb Experiment",
      school       = "EPFL Lausanne",
      year         = "2004",
}




@Article{roadmap,
     author    = "B. Adeva, and others",
 collaboration = "LHCb collaboration",
     title     = "{Roadmap for selected key measurements of LHCb}",
     year      = "2009",
     eprint    = "0912.4179",
     archivePrefix = "arXiv",
     archiveURLType = "new",
     primaryClass  =  "hep-ex",
     SLACcitation  = "%%CITATION = 0912.4179;%%"
}


















@techreport{Eck:840543,
      author       = "Eck, Christoph and Knobloch, J and Robertson, Leslie and
                      Bird, I and Bos, K and Brook, N and Düllmann, D and Fisk, I
                      and Foster, D and Gibbard, B and Grandi, C and Grey, F and
                      Harvey, J and Heiss, A and Hemmer, F and Jarp, S and Jones,
                      R and Kelsey, D and Lamanna, M and Marten, H and Mato-Vila,
                      P and Ould-Saada, F and Panzer-Steindel, B and Perini, L and
                      Schutz, Y and Schwickerath, U and Shiers, J and Wenaus, T",
      title        = "LHC computing Grid: Technical Design Report. Version 1.06
                      (20 Jun 2005)",
      publisher    = "CERN",
      address      = "Geneva",
      series       = "Technical Design Report LCG",
      institution    = "CERN",
      year         = "2005",
number = "lhcc-2005-024"
}


@Article{PhysRevD.8.3633,
  title = {Asymptotically Free Gauge Theories. I},
  author = {Gross, David J. and Wilczek, Frank },
  journal = {Phys. Rev. D},
  volume = {8},
  number = {10},
  pages = {3633--3652},
  numpages = {19},
  year = {1973},
  month = {Nov},
  doi = {10.1103/PhysRevD.8.3633},
  publisher = {American Physical Society}
}

@Article{DavidPolitzer1974129,
title = "Asymptotic Freedom: An Approach to Strong Interactions",
journal = "Phys. Rep.",
volume = "14",
number = "4",
pages = "129 - 180",
year = "1974",
note = "",
issn = "0370-1573",
doi = "DOI: 10.1016/0370-1573(74)90014-3",
author = "H. David Politzer"
}




@book{ellisweb,
        title = {QCD and collider physics},
        author = {R. K. Ellis and W. J. Stirling and B. R. Webber},
        publisher = {Cambridge Univ. Press},
        year = 2003,
    }

@Article{Fontanelli:2006dc,
     author    = "Fontanelli, F. and others",
     title     = "{Embedded Controllers for Local Board-Control}",
     journal   = "IEEE Trans. Nucl. Sci.",
     volume    = "53",
     year      = "2006",
     pages     = "936-940",
     doi       = "10.1109/TNS.2006.874801",
     SLACcitation  = "%%CITATION = IETNA,53,936;%%"
}

@Article{CDF_ZH,
     author    = "{{Richard Hughes, Ben Kilminster, Brandon Parks, Brian Winer,Rob Harr , Shalhout Shalhout, Bo Jayatilaka, Ashutosh Kotwal, Ravi Shekhar, Daniel Whiteson}}",
     title     = "A Search for \decay{ZH}{l^+l^-\Pqb\Paqb} in $2.7 \unit{fb^{−1}}$ using a Neural Network discriminant",
     journal   = "CDF Public Note",
     year      = "2008"
}

@Article{CDF_WH,
     author    = "{{The CDF Collaboration}}",
     title     = "Combined \decay{WH}{\ell \nu \Pqb\Paqb} search with  $2.7 \unit{fb^{−1}}$ of CDF data",
     journal   = "CDF Public Note",
     year      = "2008"
}



@techreport{Fontanelli:732758,
      author       = "Fontanelli, F and Jost, B and Mini, G and Neufeld, N and
                      Abdel-Rahman, R and Rolli, K and Sannino, M",
      title        = "CC-PC Gluecard Application and User's Guide",
      institution  = "CERN",
      address      = "Geneva",
      number       = "LHCb-2003-098",
      month        = "Apr",
      year         = "LPHE-2005-010, 2004",
}



@Misc{dim_web,
  title = 	 {{DIM, a Portable, Light Weight Package for Information Publishing, Data Transfer and Inter-process Communication}},
 author         = "C. Gaspar and M. D{\"{o}}nszelmann and Ph. Charpentier",

note =  "Presented at: International Conference on Computing in High Energy and Nuclear Physics (Padova, Italy, 1-11 February 2000)"
}


@Misc{dim_web2,
  author = 	 {{C. Gaspar {\it{et al.}}}},
 title = 	 {{DIM web site}},
  note = 	 {\href{http://dim.web.cern.ch/dim/}{ \protect{\nolinkurl{http://dim.web.cern.ch/dim/}}}},


}









@article{Haefeli2006494,
title = "The LHCb DAQ Interface Board TELL1",
journal = "Nuclear Instruments and Methods in Physics Research Section A: Accelerators, Spectrometers, Detectors and Associated Equipment",
volume = "560",
number = "2",
pages = "494 - 502",
year = "2006",
note = "",
issn = "0168-9002",
doi = "DOI: 10.1016/j.nima.2005.12.212",
author = "G. Haefeli and A. Bay and A. Gong and H. Gong and M. Muecke and N. Neufeld and O. Schneider",
keywords = "LHCb",
keywords = "CERN",
keywords = "Electronics",
keywords = "DAQ",
keywords = "FPGA",
keywords = "Gigabit Ethernet",
keywords = "Silicon strip detectors",
keywords = "Common mode",
keywords = "Zero suppression"
}







@Article{PhysRevD.16.1519,
  title = "Weak interactions at Very High Energies: The Role of the Higgs-Boson Mass",
  author = "Lee, Benjamin W. and Quigg, C.  and Thacker, H. B.",
  journal = "Phys. Rev. D",
  volume = "16",
  number = "5",
  pages = "1519--1531",
  numpages = "12",
  year = "1977",
  month = "Sep",
  doi = "10.1103/PhysRevD.16.1519",
  publisher = "American Physical Society"
}

